2880 4808
700 297 737 349 44

264 471 352 532 Cure.
376 473 434 532 691
459 490 508 549 sq:
532 473 700 533 delicatum
731 483 762 534 te
793 475 888 533 hodie
914 473 1024 533 faciam
1055 492 1125 532 cum
1156 475 1265 532 catello

930 656 933 663 .
991 593 1025 642 ut
1048 584 1182 642 accubes

529 688 628 747 ferreo
648 706 707 766 ego
731 690 813 750 dico.

166 798 267 857 Etiam
287 800 347 857 hoc
370 799 493 856 verbum
515 817 577 856 uno
600 800 669 857 loco
693 799 733 856 de
758 799 858 857 bestia
879 809 1023 876 usurpat:

273 908 358 966 Asin.
393 910 469 968 693:
494 908 544 966 dic
567 908 658 983 igitur
678 909 752 966 med
774 909 969 979 anaticulam,
987 910 1162 968 columbam

937 1020 983 1078 vel
1006 1020 1158 1078 catellum.

167 1126 330 1184 Praeterea
355 1128 479 1185 verbum
508 1128 584 1186 illud
614 1129 715 1204 ipsum
737 1146 830 1188 sensu
856 1130 1004 1187 translato
1026 1129 1112 1204 apud
1133 1127 1268 1187 Nonium

169 1238 292 1294 affertur
314 1255 331 1293 e
355 1237 472 1294 Lucilio
495 1236 615 1309 (XXIX
639 1239 699 1298 100
722 1238 785 1314 M):

293 1363 363 1404 cum
384 1348 510 1406 manicis
535 1350 635 1406 catulo
658 1349 843 1426 collareique
864 1359 898 1408 ut
921 1349 1096 1425 fugitivom3

168 1456 207 1514 cf.
229 1466 391 1531 praeterea
415 1458 525 1515 Festus
555 1475 578 1517 s.
602 1458 631 1516 h.
655 1476 733 1516 voce
755 1451 840 1536 (pag.
864 1460 902 1518 45
916 1453 988 1537 -M):
1024 1458 1140 1516 catulus
1169 1477 1269 1533 genus

168 1567 326 1640 quoddam
341 1567 465 1637 vinculi,
489 1567 540 1643 qui
562 1569 716 1626 interdum
732 1570 816 1627 canis
839 1569 1010 1646 appellatur
1031 1566 1115 1644 (Cas.
1127 1566 1156 1625 Π
1169 1571 1198 1637 6,
1213 1570 1271 1629 ³7:

168 1683 202 1732 ut
225 1676 350 1749 quidem
371 1675 465 1734 hodie
487 1686 520 1734 tu
543 1694 652 1735 canem
674 1686 706 1735 et
728 1678 843 1737 furcam
867 1677 967 1748 feras).
1018 1675 1096 1736 Cum
1117 1677 1271 1753 composi·

169 1785 253 1840 tione
269 1785 317 1842 illa
332 1778 449 1843 ‘catulo
466 1785 535 1843 forti
550 1782 661 1844 ferreo'
687 1787 794 1846 confer
816 1788 996 1846 simillimam
1012 1786 1124 1846 Persae
1147 1805 1174 1847 v.
1199 1789 1271 1857 573,

169 1910 261 1967 quem
282 1893 343 1951 iam
365 1895 465 1954 attuli:

424 2004 538 2062 ferreas
562 2048 617 2066 ...
642 2023 761 2064 crassas
785 2000 993 2082 compedesl).

609 2193 638 2249 V
661 2195 690 2262 4,
713 2195 734 2252 4
756 2210 823 2268 sqq.

271 2324 442 2385 Venustum
454 2328 648 2385 Anterastilis
656 2323 681 2404 2)
705 2327 857 2386 canticum
874 2326 1052 2402 anapaestis
1064 2327 1274 2401 conscriptum

172 2433 347 2509 Geppertus
370 2445 402 2494 et
424 2436 569 2495 baccheis
598 2445 629 2493 et
657 2437 777 2494 creticis
813 2435 960 2496 foedavit.
992 2435 1028 2494 In
1050 2453 1138 2493 versu
1161 2444 1272 2511 quarto

171 2543 244 2600 nihil
260 2553 308 2602 est
322 2547 512 2616 mutandum,
530 2547 636 2604 sicum
647 2545 796 2604 Muellero
809 2543 901 2622 (pros.
914 2562 984 2621 pag.
998 2540 1070 2622 415)
1084 2545 1272 2621 dimetimur:

213 2654 307 2728 digna
335 2656 404 2712 diva
433 2653 651 2715 venustissima
672 2655 794 2713 Venere
824 2673 924 2731 neque
948 2652 1121 2728 contempsi
1142 2653 1208 2712 eius

968 2761 1044 2840 opes
1068 2758 1206 2839 hodie³)‚

173 2891 357 2950 quamquam
398 2893 427 2932 ss
472 2882 679 2950 correptarum
721 2876 804 2950 apud
848 2873 989 2932 Plautum
1033 2874 1148 2931 nullum
1189 2873 1273 2931 aliud

172 2991 273 3042 exstat
305 2983 491 3058 exemplum:
536 2984 576 3039 de
615 2983 740 3041 aliarum
777 2984 1015 3041 consonantium
1048 2981 1273 3057 geminatarum

172 3093 366 3170 correptione
391 3091 505 3153 confer.
540 3092 753 3166 Sonnenburg.
789 3092 830 3147 de
852 3108 993 3149 versuum
1015 3090 1114 3148 Plauti
1138 3107 1273 3166 anapae-

173 3212 289 3261 storum
311 3202 457 3277 prosodia
472 3201 503 3257 in
524 3194 768 3258 ‘exercitationis
784 3200 1005 3274 grammaticae
1021 3198 1197 3274 specimina,
1222 3199 1272 3258 ed.

172 3313 278 3369 semin.
307 3312 379 3387 phil.
413 3312 514 3372 Bonn.
550 3294 689 3369 sodales’
722 3328 792 3386 pag.
828 3311 876 3378 19,
905 3309 1124 3367 Fleckeisenus
1146 3306 1273 3367 miscell.

176 3422 239 3482 crit.
261 3441 331 3499 pag.
355 3422 393 3481 37
418 3437 485 3498 sqq.

273 3620 299 3689 1)
316 3622 383 3671 haec
396 3637 455 3671 cum
473 3622 621 3673 conicerem
634 3621 703 3685 fugit
715 3636 757 3671 me
772 3621 851 3670 etiam
862 3619 1022 3670 Muellerum
1041 3617 1125 3685 (pros.
1137 3632 1196 3684 pag.
1210 3614 1275 3683 346)

172 3719 224 3768 hoc
243 3719 352 3769 verbum
371 3720 556 3786 proposuisse:
583 3725 670 3768 tamen
689 3718 782 3768 addidi
802 3718 865 3783 quia
884 3723 1037 3780 argumenta
1057 3729 1124 3780 quae
1144 3714 1221 3763 attuli
1241 3715 1276 3763 ad

172 3812 298 3863 Muelleri
326 3829 463 3881 meamque
491 3814 667 3864 coniecturam
699 3812 900 3862 suffulciendam
926 3810 1038 3860 alicuius
1063 3810 1128 3860 mihi
1152 3810 1276 3860 videntur

173 3927 231 3961 esse
250 3911 385 3961 momenti.

272 4006 297 4070 2)
317 4006 350 4056 cl.
369 4008 462 4058 Goetz.
484 4015 533 4058 act.
552 4008 626 4074 Lips.
645 4007 684 4057 VI
703 4021 761 4071 pag.
783 4004 845 4056 313.

272 4101 300 4171 3)
319 4119 385 4170 opes
408 4104 444 4157 A.
469 4120 536 4171 opus
555 4102 679 4156 Palatini.
717 4103 866 4172 Geppertus
892 4099 1054 4169 transposuit
1077 4105 1106 4149 ut
1129 4098 1275 4148 baccheum

174 4200 269 4266 pedem
288 4200 411 4255 efficeret.
