2880 4808
700 253 734 302 ‘22

416 426 545 482 amicam
567 426 697 483 adduxit
721 427 800 483 intro
823 426 853 483 in
877 427 963 484 aedis

206 539 239 590 et
261 535 320 592 923
342 552 390 609 sq:
416 534 486 619 quia
509 544 643 592 scortum
666 535 724 592 sibi

340 636 342 641 ⁴
372 632 375 637 ’
417 632 457 699 oh
481 642 587 699 oculos
609 643 802 700 adduxerit'
794 661 825 700 rn
849 643 945 703 aedis.

201 737 204 742 ’
267 751 409 826 Adiungo
443 752 489 809 his
519 770 613 809 unum
640 761 867 826 argumentum:
893 753 927 813 si
960 752 1139 828 Adelphasii
1172 753 1265 810 verba

168 880 238 918 curn
260 862 295 918 iis
318 879 397 987 quae
419 846 546 937 Milphio
574 862 742 963 respondet
771 840 993 945 comparamus
1026 855 1146 920 ‘servos
1181 882 1265 939 sper·

167 957 255 1028 nere'
275 962 334 1028 et‘
341 971 429 1069 quasi
451 989 576 1065 eampse
598 989 686 1046 reges
709 956 876 1028 ductitent’
907 972 1010 1028 adt
976 979 1010 1028 ut
1011 990 1136 1046 tamque
1158 991 1266 1031 recen·

168 1081 286 1138 sionem
307 1080 482 1156 quadrare
474 1082 654 1158 invenimus,
675 1073 781 1155 ‘quasi
803 1080 881 1137 bella
904 1066 958 1138 sit'
981 1091 1085 1139 autem
1104 1083 1200 1157 magis
1223 1085 1265 1142 ad

164 1185 317 1264 ‘miseras,
341 1191 478 1249 schoeno
500 1185 665 1249 delibutas’
701 1209 793 1267 quam
803 1192 914 1251 adv.
939 1193 977 1251 56
980 1193 1181 1271 respicere
1175 1194 1265 1251 nobis

170 1301 319 1357 videntur.
379 1299 417 1360 V.
449 1300 539 1376 igitur
574 1301 698 1360 56-58
729 1318 746 1356 e
780 1309 886 1357 nostro
921 1310 1067 1358 contextu
1100 1301 1265 1361 excluden-

168 1409 226 1464 dos
248 1416 334 1484 puto.
516 1382 517 1387 ἵ
907 1380 909 1387 ¹

268 1517 305 1578 V.
329 1526 433 1575 autern
453 1519 576 1576 51-62
605 1506 755 1594 (exceptis
779 1515 916 1595 56-58)
945 1520 976 1593 ‚si
1011 1528 1095 1579 recte
1127 1520 1264 1589 defendi,

168 1647 186 1684 a
210 1648 236 1688 v.
261 1630 300 1687 63
336 1629 440 1685 denuo
462 1626 655 1685 meretricem
676 1644 851 1685 sermonem
875 1628 1008 1703 incipere
1042 1646 1171 1686 necesse
1204 1639 1265 1687 est:

170 1757 241 1796 nam
263 1732 481 1812 Agorastocles
505 1745 624 1793 ceteras
651 1735 830 1812 Adelphasii
864 1738 1021 1796 orationes
1054 1739 1106 1796 ubi
1136 1740 1266 1815 primum

171 1848 317 1923 loquendi
340 1847 431 1905 finem
454 1840 530 1914 fecit
541 1846 665 1904 summis
688 1847 774 1903 effert
797 1847 937 1904 laudibus
961 1847 1000 1906 cf.
1022 1866 1049 1907 v.
1069 1850 1118 1908 76.
1143 1851 1195 1923 93;
1220 1849 1267 1908 his

172 1965 275 2015 autem
308 1957 407 2014 verbis
433 1954 633 2032 Milphionem
666 1950 717 2013 illa
745 1942 886 2024 laeserat,
919 1957 1024 2035 itaque
1052 1957 1140 2016 huius
1172 1959 1267 2019 verba

169 2067 249 2124 inter
263 2041 456 2123 meretricum
479 2082 635 2122 sermones
657 2064 900 2140 interponuntur.
938 2056 1032 2138 Quod
1055 2076 1140 2124 recte
1162 2069 1267 2144 dispu·
1307 2061 1308 2064 '

171 2185 269 2235 tatum
300 2193 369 2234 esse
395 2183 562 2251 antequam
589 2193 637 2261 ex,
651 2176 786 2233 versibus
809 2177 1008 2251 sequentibus
1041 2178 1114 2252 ipsis
1138 2179 1267 2236 demon·

168 2295 307 2354 stremus,
332 2284 442 2342 Goetzi
464 2285 504 2341 de
526 2284 573 2341 his
596 2276 732 2369 versibus
756 2285 911 2342 sententia
933 2284 1102 2344 refellenda
1124 2295 1181 2355 est,
1214 2287 1268 2364 qui

168 2393 258 2453 versu
281 2397 320 2454 67
351 2394 453 2452 eiecto
483 2394 566 2451 hunc
592 2388 734 2451 versuum
756 2395 896 2452 ordinem
919 2394 1025 2454 elficit:
1061 2397 1194 2456 63-66.
1218 2375 1280 2457 69(

170 2508 218 2566 70.
243 2508 293 2566 68.
319 2504 366 2566 71.
396 2501 477 2562 'Sed
497 2523 524 2561 v.
549 2504 588 2563 66
611 2521 681 2561 cum
702 2523 731 2562 v.
749 2505 787 2562 69
812 2504 873 2561 ullo
894 2506 990 2562 modo
1007 2505 1152 2581 coniungi
1174 2522 1277 2581 posse

168 2633 262 2690 nego:
296 2633 368 2673 nam
391 2615 416 2672 si
437 2614 574 2690 Milphio,
603 2621 637 2670 ut
665 2614 723 2671 illis
747 2614 882 2671 versibus
905 2613 1084 2689 compositis
1118 2615 1267 2692 interpre-

168 2725 296 2782 tandum
329 2725 417 2795 nobis
449 2732 512 2790 est,
540 2712 579 2780 err
608 2723 810 2800 Agorastocle
838 2725 974 2805 quaerit:
1008 2715 1158 2803 ‘etiamne
1194 2742 1267 2782 eum

169 2835 211 2891 ad
240 2836 331 2892 finem
362 2834 443 2893 hanc
465 2833 619 2897 Venerem
654 2833 790 2890 venerari
821 2833 864 2889 vis
897 2841 931 2889 ut
961 2850 1045 2890 ames
1080 2850 1150 2890 eam
1174 2850 1267 2908 quam

169 2934 340 3020 numquam¹
357 2929 520 3021 tetigeris’‚
550 2944 680 3019 primum
702 2951 736 3000 ut
757 2942 807 3000 hic
836 2942 903 3017 ipse
928 2942 1149 3020 Adelphasium
1172 2950 1265 3012 amet,

171 3071 241 3110 eum
263 3046 365 3131 neque
394 3042 475 3111 illam
503 3070 603 3128 neque
628 3055 726 3130 ipsam
749 3053 902 3129 Venerem
924 3054 1064 3111 venerari
1098 3071 1176 3129 opus
1208 3061 1266 3124 est,

169 3173 233 3221 tum
255 3172 326 3240 post
348 3164 441 3221 verba
463 3162 513 3221 illa
528 3155 634 3221 '‘hanc
658 3162 810 3221 Venerem
833 3149 1016 3222 venerabor'
1039 3163 1143 3220 statim
1171 3155 1266 3222 ‘deos

171 3290 296 3348 quoque
319 3246 432 3357 edepol
455 3256 541 3328 amo’
565 3271 652 3346 sequi
668 3279 773 3348 aptum
795 3259 859 3328 non
881 3272 1009 3331 videtur.
1043 3270 1169 3350 Optime
1184 3288 1265 3346 vern,

170 3383 248 3440 sicut
270 3382 407 3450 traditur,
430 3381 511 3438 lusus
533 3399 559 3442 v.
585 3383 624 3440 69
650 3374 843 3456 coniungitur
866 3399 934 3447 cum
956 3399 983 3439 v.
999 3383 1048 3441 68.
1080 3379 1147 3436 Hos
1164 3387 1267 3437 autem

169 3509 275 3549 versus
303 3491 328 3549 si
357 3472 572 3566 conectirr'rus,
589 3490 681 3546 etiarn
696 3570 698 3575 Ι
713 3464 815 3546 εὲῖετῖ
838 3509 877 3547 ex
909 3490 1051 3548 codicum
1083 3489 1266 3547 auctoritate

171 3599 379 3681 distribuendi
408 3608 486 3659 sunt.
544 3598 586 3656 At
617 3582 679 3657 iam
705 3598 869 3657 difficultas
901 3600 1036 3679 exoritur
1065 3616 1146 3673 quae
1172 3598 1267 3655 virum

168 3709 251 3767 illum
274 3709 486 3767 doctissimum
520 3714 554 3763 ut
576 3726 602 3765 v.
627 3709 666 3767 67
690 3708 803 3765 eiceret
825 3709 959 3784 impulit:
1010 3708 1035 3765 is
1057 3709 1140 3764 enirn
1161 3723 1266 3764 versus

171 3818 230 3876 hoc
249 3820 318 3876 loco
340 3818 456 3875 nullum
471 3814 595 3875 exhibet
612 3833 749 3875 sensum:
772 3819 906 3876 advocat
928 3817 1053 3893 quidem
1066 3816 1266 3892 Milphionem

170 3929 398 4003 Agorastocles,
431 3929 488 3986 sed
523 3945 614 4003 quam
648 3928 688 3986 ob
725 3945 848 3986 causam
883 3945 953 3984 eum
976 3927 1173 3985 advocaverit
1203 3943 1267 3983 non

172 4040 386 4115 comperimus.
430 4038 561 4096 Accedit
590 4039 675 4113 quod
703 4055 805 4113 neque
833 4056 860 4097 v.
887 4041 924 4097 70
953 4036 1111 4095 Plautinas
1138 4035 1266 4095 facetias

170 4148 269 4224 sapit:
292 4132 295 4139 ¹
322 4208 327 4219 ,
