2880 4808
699 310 732 362 21

249 503 275 546 ν.
299 485 339 546 56
361 502 441 562 quae
475 484 531 543 tibi
564 485 649 543 olant
680 485 834 545 stabulum
868 495 1060 563 statumque,
1092 489 1198 549 sellam
1233 499 1265 549 et

879 598 1061 656 sessibulum
1082 616 1201 657 merum

697 714 730 764 et

249 832 275 873 v.
298 815 339 873 54
360 813 507 890 pistorum
529 815 642 874 amicas
665 815 807 891 reliquias
829 815 991 875 halicarias

248 941 276 983 v.
300 925 338 983 57
362 941 439 1001 quas
471 925 551 984 adeo
584 924 669 983 haud
701 925 862 1002 quisquam
889 943 1034 1001 umquam
1057 929 1132 986 liber
1165 929 1266 1006 tetigit

840 1052 941 1110 neque
965 1035 1052 1093 duxit
1074 1036 1200 1093 domum

582 1150 676 1217 atque
695 1141 841 1217 imprimis

250 1272 278 1312 v.
302 1251 342 1311 55
365 1251 560 1310 servolicolas
581 1251 724 1310 sordidas

248 1381 275 1423 v.
301 1363 339 1421 58
362 1362 550 1420 servolorum
572 1362 797 1420 sordidulorum
820 1371 922 1420 scorta
946 1363 1135 1423 duobolaria.

263 1471 330 1531 Has
345 1471 437 1548 igitur
451 1471 648 1542 recensiones
671 1472 844 1530 constituo:
868 1475 907 1530 52
930 1469 1053 1552 (inquo
1073 1491 1163 1532 versu
1179 1474 1265 1532 codi-

165 1597 234 1639 cum
245 1581 336 1639 lectio
349 1568 440 1638 ‘inter
454 1565 539 1638 istas'
555 1589 662 1638 contra
678 1580 869 1656 Geppertum
883 1589 916 1638 et
929 1582 1108 1640 Muellerum
1125 1585 1264 1641 tenenda
1385 1615 1391 1621 ,

163 1699 225 1749 est:
254 1691 316 1749 duo
338 1689 417 1749 haec
438 1689 589 1748 vocabula
611 1690 642 1746 in
664 1708 760 1748 unum
781 1690 907 1748 verbum
929 1692 1110 1750 coalescunt
1132 1692 1171 1753 ci.
1194 1691 1264 1752 Cas.

162 1803 224 1861 457
245 1800 325 1859 inter
346 1817 411 1859 eos.
435 1799 529 1858 Poen.
553 1801 615 1859 870
637 1808 762 1876 propter
784 1818 920 1858 amorem
942 1797 1010 1877 sim)
1035 1831 1072 1841 -
1097 1802 1136 1860 55
1160 1809 1191 1859 et
1214 1802 1264 1861 52.

163 1911 298 1970 56-58.
349 1910 414 1968 lam
442 1910 467 1968 si
496 1910 671 1990 quaerimus
703 1918 771 1967 utra
805 1910 946 1968 recensio
970 1910 1111 1969 Plautum
1142 1912 1262 1982 deceat,

163 2020 196 2078 in
217 2038 244 2079 v.
269 2020 393 2081 56-58
424 2027 495 2077 sunt
517 2036 596 2095 quae
619 2019 787 2079 offendant.
843 2018 922 2077 Nam
953 2020 1082 2095 primum
1115 2022 1201 2096 quod
1233 2021 1265 2078 in

164 2129 369 2204 superioribus
385 2128 521 2186 versibus
544 2128 670 2205 singulis
682 2129 783 2187 verbis
799 2129 879 2186 bene
902 2127 1022 2197 dicitur,
1046 2130 1077 2186 in
1102 2128 1149 2186 his
1164 2137 1264 2187 totum

163 2239 267 2316 explet
288 2257 419 2308 versum,
454 2239 604 2314 equibus
628 2257 721 2314 quam
743 2239 873 2297 maxime
897 2239 987 2316 friget
1014 2260 1042 2298 v.
1066 2240 1178 2316 primus
1201 2246 1264 2298 sta·

156 2349 267 2408 bulum
289 2357 474 2425 statumque,
496 2348 604 2407 sellam
626 2357 658 2406 et
673 2349 865 2408 sessibulum.
900 2348 982 2407 Tum
1004 2366 1156 2426 persaepe
1173 2349 1263 2408 Plau·

163 2467 212 2516 tus
232 2452 375 2517 ‘ducere'
397 2458 453 2516 sim
479 2459 520 2514 de
539 2457 748 2515 meretricibus
768 2466 905 2534 usurpat,
929 2476 1095 2535 numquam
1118 2458 1264 2516 sollemne

163 2568 237 2626 illud
256 2557 397 2626 ‘domum
418 2561 555 2628 ducere’.
610 2567 698 2639 Quae
727 2585 821 2625 causa
848 2585 909 2646 quo
941 2569 1040 2644 magis
1065 2569 1263 2643 persuadeat,

162 2678 298 2754 singulos
314 2678 400 2736 locos
418 2677 529 2752 quibus
552 2677 667 2736 ducere
692 2677 751 2735 hoc
775 2695 868 2735 sensu
887 2678 1037 2735 invenitur
1058 2678 1263 2737 enumerabo:

165 2786 277 2847 Bacch.
306 2789 395 2847 1080.
425 2786 495 2845 Cas
519 2787 589 2846 845.
616 2785 711 2845 Merc.
735 2788 806 2846 807.
831 2785 932 2859 [815].
974 2787 1064 2846 1022.
1086 2785 1169 2845 Men.
1194 2786 1262 2847 124.

163 2895 256 2954 Most.
279 2897 328 2956 36.
368 2896 438 2956 960.
473 2893 567 2952 Poen.
595 2912 639 2969 pr.
676 2896 745 2954 100.
776 2892 889 2954 Pseud.
923 2896 984 2954 258
1019 2891 1057 2971 (Β
1092 2903 1123 2951 et
1145 2894 1264 2952 Loren·

164 3003 228 3062 zius
252 2999 370 3079 dicito).
415 3003 507 3062 Stich.
529 3005 601 3063 426.
628 3005 696 3064 728,
719 3003 809 3062 Truc.
832 3005 902 3064 678.
947 2985 1112 3062 Praeterea
1134 3005 1264 3061 ductare

153 3114 224 3203 ¹hoc
246 3132 338 3172 sensu
359 3114 482 3189 ponitur
504 3114 589 3171 Asin.
614 3115 683 3173 164.
707 3115 777 3174 165.
804 3115 876 3173 169.
902 3111 969 3173 189.
994 3115 1064 3173 863.
1110 3112 1205 3172 Poen.
1219 3112 1264 3171 IV

167 3227 194 3295 2,
216 3227 255 3284 46
291 3220 363 3299 (hoc
386 3223 511 3281 verbum
542 3224 636 3281 etiam
658 3221 823 3280 Terentius
851 3224 937 3280 novit
956 3222 1077 3282 Phorm.
1101 3225 1171 3296 500,
1200 3240 1263 3281 non

165 3329 304 3410 ducere);
341 3334 492 3392 ductitare
519 3333 613 3393 Poen.
644 3334 709 3408 12,
744 3335 801 3407 60;
836 3332 1033 3390 obductarier
1062 3332 1158 3391 Merc.
1192 3334 1262 3392 786.

164 3444 213 3503 De
243 3462 338 3503 uxore
367 3444 491 3504 Plautus
517 3445 590 3502 dicit
620 3461 746 3500 uxorem
781 3445 895 3500 ducere
927 3437 969 3521 (e.
998 3461 1028 3519 g.
1051 3441 1122 3502 Cas.
1145 3459 1188 3517 pr.
1213 3442 1263 3501 69.

166 3555 227 3615 sab.
251 3555 298 3615 19.
323 3557 393 3615 218.
418 3554 501 3613 Trin.
524 3555 595 3613 375.
620 3553 711 3612 Truc.
736 3552 810 3627 866)
836 3552 883 3608 vel
906 3552 1019 3609 ducere
1041 3547 1123 3628 (Aul.
1145 3569 1190 3626 pr.
1214 3552 1264 3611 33.

167 3667 236 3726 155.
261 3666 321 3724 289
344 3657 398 3742 al.)
416 3664 462 3721 vel
484 3664 610 3721 domum
631 3663 760 3732 ducere;
784 3661 821 3722 cs.
844 3660 989 3737 imprimis
1005 3659 1079 3719 Cist.
1103 3660 1162 3730 11,
1187 3662 1262 3719 101:

207 3773 312 3831 atille
335 3774 494 3849 conceptis
515 3773 624 3830 iuravit
646 3772 746 3830 verbis
769 3773 854 3846 apud
876 3779 1005 3828 matrem
1026 3788 1127 3828 meam

207 3900 258 3940 me
280 3900 406 3940 uxorem
423 3883 587 3940 ducturum
609 3897 691 3939 esse:
715 3881 744 3937 ei
765 3898 847 3939 nune
859 3879 919 3937 alia
933 3880 1107 3938 ducendast
1126 3881 1263 3950 domum,

165 4000 329 4069 postquam
352 3991 507 4050 Selenium
529 3991 589 4047 iam
610 3983 736 4048 ‘duxit'.

265 4101 458 4160 Meretricem
475 4102 499 4158 si
515 4101 581 4177 quis
598 4102 724 4161 domum
739 4098 846 4175 recipit
867 4100 899 4157 in
914 4103 1009 4158 aedes
1032 4115 1100 4156 eam
1124 4098 1261 4174 adducit,

167 4209 204 4270 cf.
228 4210 321 4272 Merc.
345 4213 420 4275 826:
