2880 4808
692 307 726 359 ‘23

202 483 280 543 deos
301 501 424 560 quoque
445 483 559 561 edepol
583 491 615 541 et
636 501 708 543 amo
730 491 761 542 et
780 491 900 562 metuo,¹
917 484 1029 560 quibus
1046 502 1104 559 ego
1112 480 1136 561 1)
1159 484 1255 545 absti-

985 612 1046 653 neo
1067 611 1191 655 manus:

98 740 101 747 =
162 713 245 764 certe
280 704 306 763 si
337 703 444 763 metuit
474 721 584 762 manus
618 703 760 765 abstinet.
816 702 878 776 Qui
913 703 995 762 hunc
1020 721 1142 762 versum
1166 706 1255 763 addi-

161 815 215 885 dit,
236 815 266 875 ei
288 814 427 894 fortasse,
449 814 528 873 sicut
547 833 574 875 v.
598 816 638 874 67
660 831 699 871 ex
720 813 813 874 Most.
838 814 919 874 1115
940 813 1034 890 finxit,
1059 812 1204 873 Pseudoli
1227 833 1254 876 v.

160 926 221 986 stt
240 923 474 985 obversabatur:

223 1040 256 1090 ut
277 1049 339 1107 ego
361 1032 402 1090 ob
424 1041 517 1106 tuam,
551 1031 654 1100 Simia,
686 1031 845 1108 perfidiam
879 1040 911 1090 te
938 1049 1009 1090 amo
1040 1039 1073 1091 et
1094 1039 1200 1090 metuo
1223 1039 1256 1090 et

1016 1141 1190 1218 magnifico,

257 1250 346 1311 Haec
367 1252 393 1311 si
414 1251 482 1326 quis
505 1251 670 1327 reputabit,
692 1260 774 1310 certe
796 1269 917 1309 mecum
939 1251 1110 1310 consentiet
1131 1271 1158 1311 v.
1172 1253 1255 1312 67-

97 1432 100 1437 .
160 1365 199 1423 ’10
221 1370 332 1438 postea
353 1378 423 1420 esse
445 1361 580 1421 additos.
614 1361 665 1418 De
686 1380 712 1420 v.
736 1362 861 1421 63-66
883 1378 939 1437 per
960 1379 994 1418 se
1017 1370 1066 1419 sat
1083 1362 1255 1419 commodis

159 1471 212 1529 diu
237 1470 388 1540 dubitavi;
409 1471 466 1528 sed
488 1471 617 1546 primum
641 1472 682 1529 ob
703 1488 773 1529 eam
796 1486 888 1546 quam
902 1487 994 1544 supra
1015 1470 1103 1528 attuli
1119 1487 1254 1541 causam,

158 1588 223 1639 tum
243 1581 329 1656 quod
352 1580 467 1656 duplex
489 1581 620 1638 deorum
642 1580 806 1639 advocatio
829 1598 855 1638 v.
880 1581 919 1638 64
1182 1568 1185 1574 ’

200 1689 234 1748 di
253 1689 439 1749 immortales
461 1689 690 1765 omnipotentes
713 1688 787 1765 quid
809 1697 858 1747 est
880 1690 963 1763 apud
985 1705 1039 1746 vos
1061 1688 1193 1764 pulcrius
1280 1666 1283 1677 ¹

199 1799 274 1876 quid
296 1798 416 1858 habetis
439 1799 490 1876 qui
512 1794 635 1873 mageli)
656 1797 843 1857 immortales
866 1816 922 1856 vos
942 1799 1067 1857 credam
1099 1815 1170 1856 esse
1199 1815 1255 1874 eqs

159 1914 192 1965 et
212 1926 241 1965 v.
266 1908 320 1967 76:
345 1906 387 1963 ita
409 1924 458 1964 me
482 1900 514 1966 di
537 1914 643 1964 ament
664 1913 698 1964 ut
725 1905 775 1964 iila
795 1914 951 1963 meamet
975 1906 1077 1965 malim
1100 1924 1191 1982 quam
1214 1905 1256 1986 di,

1054 2015 1191 2091 Milphio,

159 2143 224 2183 non
245 2125 328 2185 bene
349 2125 468 2187 ¹eadem
499 2142 613 2184 scaena
629 2125 814 2193 continetur3
836 2125 971 2201 denique
993 2124 1194 2200 quodetiam
1215 2124 1256 2182 illi

160 2253 267 2297 versus
289 2236 378 2296 facile
400 2256 439 2295 ex
461 2237 607 2297 similibus
630 2236 711 2294 velut

201 2344 288 2405 Asin.
313 2348 388 2409 134:
409 2363 481 2405 narn
502 2363 586 2405 mare
600 2345 685 2403 haud
708 2353 756 2403 est
769 2362 867 2405 mare:
891 2361 945 2403 vos
966 2362 1050 2403 mare
1067 2361 1257 2403 acerrumum

206 2452 319 2519 Pseud.
342 2456 417 2516 328:
439 2474 512 2515 nam
533 2455 583 2515 hic
604 2455 677 2514 mihi
698 2472 780 2513 nuuc
803 2463 852 2512 est
880 2455 976 2512 multo
999 2454 1100 2530 potior
1120 2453 1256 2530 luppiter

197 2626 200 2632 ,
933 2581 1027 2641 quam
1047 2564 1191 2641 Iuppiter,

204 2674 286 2734 Rud.
309 2676 386 2735 305:
408 2692 491 2733 nunc
512 2673 667 2732 Venerem
690 2673 770 2733 banc
789 2692 968 2733 veneremur
988 2677 1102 2733 bonam

291 2784 486 2847 13482i11ud
515 2802 576 2860 ego
609 2785 774 2842 advorsum
796 2785 917 2861 siquid
945 2801 1106 2859 peccasso,
1137 2783 1255 2858 Venus,

411 2912 539 2953 veneror
561 2903 600 2968 te,

157 3002 269 3080 quibus
300 3002 379 3061 infra
409 3004 562 3062 addemus
597 3000 691 3063 Poeu.
727 3001 756 3059 V
784 3005 814 3081 4,
834 3004 867 3058 ‘7
902 3003 1014 3060 excudi
1036 3008 1190 3079 poterant,
1223 3011 1257 3060 ut

159 3130 283 3173 omnem
308 3112 392 3172 illam
413 3121 532 3188 partem
553 3131 573 3170 a
596 3130 624 3173 u.
647 3113 687 3172 63
709 3129 807 3187 usque
829 3113 871 3170 ad
890 3130 917 3170 v.
942 3113 1012 3172 'lOa
1034 3111 1144 3169 Plauto
1171 3111 1256 3169 abiu·

77 3200 81 3205 Ι
159 3221 261 3280 dicem
281 3238 489 3283 commoveor.
521 3221 715 3282 Retinendos
737 3228 841 3279 autem
863 3222 946 3279 duco
968 3219 1014 3278 his
1029 3238 1121 3295 quam
1143 3219 1257 3277 similli-

158 3347 227 3391 mos
258 3350 285 3392 v.
309 3333 443 3402 76-83,
477 3331 549 3407 quia
577 3330 812 3408 Agorastoclem
839 3330 989 3406 sapientia
1014 3338 1137 3388 amatae
1165 3329 1257 3386 verba

159 3461 187 3501 v.
212 3443 420 3501 73-7511011
448 3440 590 3498 laudibus
613 3448 808 3517 prosecutum
838 3456 906 3497 esse
940 3456 1004 3496 non
1025 3455 1151 3514 possum
1183 3437 1258 3497 mihi

158 3551 356 3626 persuadere
391 3549 585 3609 Accedamus
598 3549 690 3624 igitur
702 3578 738 3590 -·
753 3566 826 3607 nam
848 3566 874 3607 v.
890 3548 1054 3608 100-103
1068 3553 1100 3603 et
1114 3548 1183 3607 114.
1199 3548 1256 3606 115

148 3901 150 3905 v
259 3835 284 3899 1)
304 3834 342 3885 sic
360 3833 454 3900 scripsi
472 3841 501 3885 ut
520 3834 606 3884 versui
624 3850 678 3884 non
706 3834 851 3885 sententiae
869 3833 1054 3883 satisfacerem.
1083 3831 1142 3884 cod.
1161 3832 1258 3899 quibus

157 3945 208 3994 ego
227 3936 322 3982 tamen.
359 3931 505 3996 Geppertus
525 3945 648 3996 perverse
666 3928 748 3979 Bothi
765 3925 835 3995 ‘quis
854 3923 947 3979 tamen’
968 3929 1077 3994 recepit.

259 4026 287 4093 2)
308 4026 346 4076 sic
364 4027 476 4078 codices.
505 4027 584 4091 Quod
604 4028 753 4093 Geppertus
777 4027 805 4075 iu
833 4026 947 4077 editione
966 4026 1072 4093 scripsit
1098 4021 1185 4088 ‘mage
1204 4019 1257 4093 qui’

159 4130 186 4173 et
208 4122 352 4174 Muellerus
381 4139 451 4190 pros.
479 4139 538 4190 pag.
568 4123 621 4176 343
640 4139 672 4173 ex
699 4124 797 4174 formae
816 4138 892 4187 mage
920 4139 970 4173 usu
988 4122 1112 4173 refutavit
1144 4128 1170 4173 et
1199 4123 1257 4188 ipse

158 4216 242 4285 Gepp.
262 4217 330 4270 stud
349 4216 437 4269 Plaut.
456 4233 515 4284 pag.
537 4216 586 4271 135
607 4218 765 4271 retractavit.
