2880 4808
702 369 735 424 19

229 546 315 624 potin
348 556 382 605 ut
412 546 506 605 semel
539 548 635 605 modo
667 546 765 604 Ballio
791 545 851 604 huc
885 564 955 605 cum
986 540 1080 626 (tuo)
1116 548 1198 607 lucro

981 675 1135 737 respicias.
1237 701 1239 705 -

167 764 238 826 Vno
260 768 330 825 loco
353 758 480 825 Plautus
503 767 620 825 nudum
643 740 766 824 verbum
787 767 891 842 posuit
912 767 1021 843 Amph.
1046 769 1121 828 742:
1203 784 1208 792 ·

226 876 336 934 iterum
357 875 417 934 iam
438 875 488 933 hic
510 875 541 933 in
563 892 613 932 me
642 850 939 959 inclementemdicit
961 885 1053 955 atque
1080 877 1113 934 id
1135 879 1200 936 sine

1047 989 1137 1049 ma10.

167 1092 246 1152 Nam
274 1077 382 1171 quibus
413 1104 574 1172 praeterea
607 1097 682 1155 locis
710 1084 793 1156 ‘sine
821 1091 913 1154 malo’
944 1098 1000 1155 sim
1031 1098 1145 1174 posuit,
1177 1098 1265 1156 aliter

95 1233 98 1240 ·
167 1212 237 1262 suut
259 1205 481 1280 interpretandi
504 1214 600 1284 atque
622 1224 699 1282 quos
721 1208 816 1264 modo
839 1207 939 1266 attuli:

252 1312 333 1375 Rud.
359 1317 419 1374 780
435 1331 486 1390 sq:
508 1296 606 1372 u‘trum
627 1323 660 1372 tu
682 1315 753 1372 leno
776 1333 839 1372 cum
861 1315 938 1399 malo
960 1315 1113 1373 lubentius

510 1421 638 1497 quiescis
661 1440 701 1479 an
721 1423 762 1478 sic
781 1423 842 1478 sine
861 1423 938 1509 mulo
958 1423 984 1479 si
1006 1423 1095 1499 copia
1118 1418 1183 1480 est?

167 1549 236 1590 cum
257 1549 318 1607 quo
343 1532 449 1590 confer
931 1506 935 1524 ἱ

310 1643 404 1701 1125:
433 1659 496 1700 non
516 1660 576 1719 ego
597 1650 628 1699 te
650 1644 849 1718 comprimere
870 1661 997 1720 possum
1019 1645 1085 1701 sine
1102 1614 1209 1701 ¹malo?

210 1751 301 1812 Truc.
325 1752 401 1812 779:
429 1747 543 1830 nun01)
578 1753 647 1810 volo
680 1754 758 1811 scire
791 1754 904 1812 eodem
934 1762 1050 1830 pacton
1082 1754 1148 1823 sine
1183 1753 1265 1812 malo

614 1852 617 1859 ’
810 1838 814 1849 ’
1015 1864 1181 1925 fateamini.

267 1971 302 2029 Iu
324 1980 430 2030 nostro
451 1973 521 2031 loco
540 1948 702 2049 praeterea
722 1974 825 2049 placet
840 1973 1013 2031 allitteratio
1030 1974 1160 2033 duorum
1176 1991 1267 2033 voca·

167 2082 306 2141 bulorum
326 2055 412 2159 quae·
441 2083 502 2141 alio
531 2084 600 2140 loco
630 2101 732 2159 neque
765 2085 848 2163 apud
875 2082 1015 2142 Plautum
1047 2103 1150 2160 neque
1182 2087 1267 2162 apud

169 2189 346 2249 Terentium
378 2193 541 2250 coniuncta
574 2194 776 2254 inveniuntur.
816 2172 986 2270 ‘'Denique
1020 2194 1045 2251 si
1077 2194 1138 2252 hoc
1170 2196 1266 2254 modo

168 2301 246 2359 haec
272 2302 363 2360 verba
391 2304 622 2387 committuntur
648 2303 730 2361 clare
758 2304 893 2378 genuina
924 2303 1029 2361 damni
1063 2304 1145 2360 verbi
1179 2305 1265 2361 notio

170 2411 358 2486 perspicitur,
383 2429 462 2488 quae
487 2413 572 2491 apud
600 2409 741 2470 Plautum
762 2413 868 2488 paucis
891 2412 1038 2487 exemplis
1065 2429 1099 2469 se
1119 2413 1266 2490 praebet:

170 2517 214 2577 sic
236 2527 271 2577 ut
292 2537 393 2595 neque
415 2521 471 2578 des
487 2494 595 2596 neque
617 2522 748 2595 pendas,
773 2520 811 2577 cf.
834 2521 918 2580 Asin.
943 2521 1018 2581 182:

320 2647 422 2704 neque
444 2629 493 2687 ille
515 2630 573 2687 scit
594 2629 670 2706 quid
692 2630 746 2686 det
769 2629 843 2705 quid
865 2631 970 2687 damni
992 2629 1096 2698 faciat,

270 2736 359 2813 Epid.
383 2739 459 2797 319:
480 2745 640 2812 argentum
662 2738 800 2811 accipiam
816 2738 855 2795 ab
873 2712 1005 2794 damnose
1028 2756 1112 2798 sene.

172 2843 462 2922 Retinenda'igitur
484 2847 565 2904 duco
588 2855 620 2903 et
642 2846 788 2903 damnum
809 2855 840 2902 et
856 2847 1052 2927 dispendium
1073 2857 1167 2925 atque
1189 2847 1269 2905 hanc

174 2959 339 3033 genuinam
363 2934 452 3015 huius
474 2974 578 3019 versus
602 2957 728 3015 formam
752 2956 859 3014 fuisse:

312 3067 361 3123 vin
384 3076 416 3125 tu
439 3061 563 3143 illanc2)
586 3066 679 3123 hodie
702 3067 769 3122 sine
791 3048 906 3143 damno
927 3073 959 3142 et
981 3064 1144 3143 dispendio
1160 3084 1225 3143 eqS.

269 3174 357 3234 Haec
380 3177 406 3234 si
427 3183 511 3234 recte
532 3177 689 3252 disputata
711 3184 791 3244 sunt,
814 3193 918 3232 versus
934 3183 1119 3251 praeeuntes
1143 3178 1266 3235 31-35

167 3277 296 3343 ‘meare'
331 3284 370 3341 ab
404 3284 463 3342 hac
492 3302 604 3343 scaena
627 3284 755 3359 primum
786 3283 899 3341 afuisse
928 3285 1175 3341 concludendum
1205 3292 1267 3341 est:

172 3402 282 3472 postea
307 3412 379 3451 vero
402 3395 456 3452 illis
480 3395 615 3451 versibus
638 3393 791 3451 adiunctis
815 3410 935 3450 versum
959 3394 996 3452 35
1020 3401 1171 3451 mutatum
1198 3411 1268 3450 esse

170 3504 202 3560 in
222 3503 316 3562 talem
337 3520 473 3561 versum:

319 3613 431 3673 iocare.
454 3613 503 3669 vin
525 3620 558 3670 tu
580 3612 660 3669 illam
681 3611 775 3668 hodie
797 3612 863 3670 sine
886 3612 1001 3670 damno
1023 3619 1085 3671 tuo,

174 3768 370 3778 m...—

273 3858 300 3928 l)
318 3859 362 3910 hic
381 3877 450 3912 nunc
468 3861 540 3913 libri.
558 3876 628 3912 nuuc
647 3861 764 3913 Schoeli.
813 3866 891 3928 pacto
910 3860 979 3914 libri.
997 3866 1095 3926 pacton
1116 3859 1271 3911 Studemun-

173 3954 223 4005 dus
243 3962 269 4005 et
287 3956 451 4022 Spengelius.
517 4015 521 4026 ¹
881 4015 885 4033 ‚

272 4057 299 4128 2)
318 4061 440 4110 similiter
457 4061 543 4110 istunc
562 4060 744 4126 reponendum
764 4065 805 4108 est
824 4031 908 4111 Poen.
925 4061 967 4108 III
985 4060 1011 4118 3,
1031 4057 1078 4110 38:

372 4165 449 4222 atque
465 4157 552 4206 istunc
570 4173 584 4206 e
602 4157 663 4205 navi
682 4163 817 4205 exeuntem
836 4156 875 4205 uti
893 4157 1070 4221 processimus

173 4253 206 4304 ci.
225 4251 314 4303 Ballas
333 4254 366 4303 de
384 4255 518 4320 particulis
537 4254 692 4319 copulativis
712 4253 782 4319 apud
798 4252 922 4302 Plautum
939 4268 1000 4318 pag.
1021 4251 1065 4304 43.
1116 4238 1120 4247 ¹
