2880 4808
753 283 786 339 82

218 443 484 536 praestolabimur'
498 456 698 534 sequentibus
714 457 907 527 oblocuutur,
929 456 1003 534 quia
1024 475 1051 519 v.
1063 457 1105 521 44
1117 422 1181 532 (rel
1194 456 1320 519 alterius

218 567 405 629 recensionis
428 587 454 630 v.
468 565 522 646 42)
544 567 764 644 Agorastocles
785 575 819 626 ut
844 566 953 644 puellis
968 567 1091 627 obviam
1112 575 1186 626 eant
1201 575 1320 629 monet.

218 678 289 738 Non
311 677 419 737 dubito
441 676 531 752 igitur
553 694 623 736 curn
643 675 858 736 Brachmanno
880 669 936 754 (de
951 675 1141 737 Bacchidum
1156 676 1319 736 Plautinae

219 788 437 847 retractatione
456 787 599 845 scaenica
613 787 716 863 capita
731 785 878 864 quinque,
892 785 924 845 in
938 787 1020 846 stud
1034 785 1115 863 Lips.
1134 784 1265 864 111pag.
1280 789 1320 846 76

218 897 291 955 adn.
314 895 347 974 2)
376 905 511 959 statuere
533 896 590 955 hos
612 914 718 955 versus
736 908 786 956 'ex
808 895 867 955 alia
890 895 1012 954 fabulae
1037 896 1220 955 recensione
1243 913 1316 956 esse

217 1008 349 1067 relictos.

726 1188 806 1253 Vt.

317 1336 418 1396 Etiam
446 1336 478 1397 in
508 1336 568 1395 hac
594 1352 707 1395 scaena
734 1334 942 1395 retractatoris
972 1335 1100 1412 vestigia
1127 1335 1229 1395 inesse
1255 1336 1320 1397 iam

217 1445 377 1524 Hesperus
402 1446 512 1516 effecit,
545 1446 602 1503 sed
630 1453 664 1504 ut
693 1444 759 1521 ipse
786 1445 960 1522 suspicatur
987 1445 1106 1521 longius
1140 1463 1179 1509 ea
1210 1453 1320 1521 patere

217 1556 330 1627 iudico.
376 1555 468 1632 Nam¹
484 1573 554 1614 cum
581 1555 691 1614 ceteris
717 1555 907 1626 orationibus
929 1554 1149 1632 Adelphasium
1169 1572 1240 1612 vere
1255 1620 1258 1625 .
1272 1556 1320 1614 iu·

217 1684 350 1742 genuam
369 1665 502 1743 puellam
525 1683 559 1722 se
582 1665 743 1741 praebeat,
767 1683 794 1724 v.
809 1667 847 1725 22
866 1682 902 1741 sq
916 1664 1081 1741 insipidum
1103 1671 1319 1738 argumentum

519 1792 562 1833 an
583 1770 656 1832 verd
680 1773 785 1851 pulcra
807 1773 922 1844 videre,
943 1767 1118 1849 dbsecro¹),

465 1884 490 1941 si
512 1881 568 1942 tibi
589 1883 630 1941 illi
651 1900 716 1941 non
736 1901 773 1943 os
795 1880 954 1943 dbliturnst
975 1879 1117 1959 iuligine?

217 1993 343 2052 nimium
374 1992 626 2052 exhorrescimus,
679 1991 789 2068 Neque
815 1992 846 2050 in
873 1994 1070 2069 sequentibus
1094 1993 1229 2051 versibus
1257 1993 1320 2052 sin·

219 2068 357 2178 gulorum
390 2104 546 2161 orationes
579 2120 686 2160 eorum
714 2102 847 2161 moribus
870 2103 1073 2179 respondent:
1105 2120 1146 2160 an
1176 2103 1319 2162 tolerabi-

219 2229 286 2271 mus
308 2211 495 2270 Hannonem
520 2228 627 2269 senem
648 2210 726 2269 tales
748 2211 880 2287 ineptias
903 2189 1085 2270 fundentem
1107 2212 1141 2270 in
1161 2231 1188 2270 v.
1213 2213 1253 2272 28

458 2321 553 2380 habet
575 2320 669 2397 patris
691 2321 847 2396 ingenium
868 2322 954 2397 quod
975 2317 1074 2398 sapit?

318 2432 359 2490 At
388 2449 429 2489 ne
454 2429 557 2489 desint
591 2431 705 2489 indicia
736 2448 753 2487 e
787 2448 931 2489 sermone
964 2440 1096 2509 sumpta,
1127 2449 1318 2509 magnopere

133 2564 136 2571 ’
219 2541 327 2600 dubito
346 2559 419 2599 num
440 2539 565 2599 Plautus
589 2539 646 2598 hac
669 2549 821 2599 structura
840 2540 884 2599 uti
911 2542 1063 2618 potuerit:
1092 2534 1318 2616 ‘praestitimus

218 2651 297 2709 inter
328 2645 425 2710 alias’.
473 2650 567 2727 Apud
589 2649 732 2709 Plautum
752 2658 876 2727 praeter
897 2668 951 2709 eos
986 2650 1082 2720 locos,
1110 2650 1219 2727 quibus
1247 2668 1318 2710 cum

220 2760 364 2836 singulari
388 2777 516 2818 numero
540 2747 716 2838 ‘praestare’
747 2760 957 2837 coniungitur:

294 2867 407 2930 Bacch.
430 2871 507 2930 386:
534 2868 650 2928 homini
671 2869 771 2929 amico
793 2918 801 2933 .
825 2917 832 2932 .

536 2981 595 3039 nisi
617 2981 695 3039 deos
719 2980 748 3038 ei
773 2980 814 3038 nil
836 2987 995 3056 praestare

291 3092 367 3150 973:
390 3089 447 3148 sed
469 3088 605 3147 Priamus
628 3089 677 3147 hic
699 3089 795 3148 multo
817 3089 858 3147 illi
879 3095 1017 3166 praestat

218 3197 280 3259 Mil.
295 3201 379 3259 777εΙ
394 3205 485 3274 atque
505 3199 531 3256 is
549 3198 717 3257 Alexandri
732 3205 889 3274 praestare
910 3199 1070 3274 praedicat
1091 3181 1207 3257 formae
1229 3214 1317 3257 suam

217 3307 264 3365 bis
285 3307 439 3365 invenitur
461 3325 529 3366 cum
552 3307 656 3366 dativo
678 3307 784 3384 plurali
807 3309 1024 3384 compositum:

283 3414 352 3478 Cas.
368 3415 440 3486 113,
462 3419 500 3476 4:
534 3433 588 3474 eos
611 3435 650 3475 eo
675 3415 874 3477 condimento
896 3435 958 3476 uno
990 3434 1056 3475 non
1076 3417 1154 3476 utier
1175 3401 1317 3477 omnibus

976 3528 1063 3604 quod
1084 3534 1231 3603 praestat.

281 3643 314 3693 et
325 3635 417 3696 Truc.
429 3637 504 3695 372:
537 3634 596 3692 hoc
620 3634 678 3693 tuis
701 3635 840 3706 fortunis,
867 3634 1012 3713 luppiter,
1034 3644 1194 3713 praestant
1217 3655 1316 3700 meae.

317 3745 354 3802 In
375 3744 502 3803 Terenti
524 3743 632 3803 fabulis
664 3762 727 3802 non
744 3745 820 3803 nisi
845 3747 983 3822 exempla
1005 3746 1165 3823 singularis
1198 3749 1317 3806 numeri

217 3861 353 3914 exstant:
376 3853 456 3916 Eun.
479 3855 548 3915 232.
570 3851 664 3915 Haut.
687 3856 757 3917 876.
781 3852 902 3915 Phorm.
923 3854 993 3916 790.

219 4003 417 4013 ——0-—2

318 4096 343 4162 1)
360 4111 451 4147 versus
470 4097 590 4163 quamvis
615 4096 727 4149 dubium
754 4097 788 4147 sit
807 4095 929 4165 discripsi
959 4111 991 4148 ex
1010 4095 1164 4149 auctoritate
1181 4096 1317 4149 Palatino·

218 4207 288 4244 rum:
311 4199 340 4244 ut
352 4191 403 4256 ¹ltic
420 4208 513 4244 versus
530 4194 695 4245 octonarium
713 4192 864 4262 iambicum,
888 4209 1003 4260 sequens
1024 4194 1155 4247 senarium
1172 4193 1275 4269 efficiat.
