2880 4808
672 318 708 373 hl·

138 501 290 556 monstrat
310 495 434 556 bonam·
448 480 621 573 Syncerasti
654 497 739 573 apud
759 497 903 556 lenonem
924 515 994 557 esse
1016 499 1240 561 condicionem.

139 605 250 684 Neque
272 606 324 684 qul
345 615 494 666 'secuntur
512 622 618 666 versus
639 607 793 666 actionem
815 608 977 667 adiuvant:
999 608 1109 669 iterum
1127 609 1242 688 Synce-

138 725 239 774 rastus
270 715 414 774 familiam
447 733 533 775 suam
562 715 688 774 interire
711 717 795 792 cupit
817 734 856 775 ac
875 715 1037 794 Milphioni
1057 727 1092 776 ut
1114 730 1241 795 operam

139 838 228 884 snam
248 814 347 884 addat
373 825 494 902 roganti
515 833 591 884 noto
614 825 666 883 illo
690 825 757 884 lusu
779 822 831 902 (cl.
854 825 964 902 Amph.
977 824 1051 904 326)
1073 830 1241 904 respondet

139 935 171 992 in
192 933 272 994 hanc
287 948 433 994 scaenam
448 935 574 993 minime
595 937 779 1012 quadrante.
808 935 889 995 Nam
910 935 969 994 hac
989 937 1021 995 in
1042 955 1156 997 scaena
1174 956 1241 998 non

141 1043 356 1119 Syncerastum
388 1045 491 1104 volare
512 1051 645 1120 oportet,
673 1046 732 1103 sed
753 1045 971 1120 Agorastocles
1004 1056 1037 1105 et
1057 1047 1185 1125 Milphio
1207 1057 1242 1106 ut

140 1153 282 1212 lenonem
305 1155 437 1229 perdant
460 1154 645 1230 Syncerasto
680 1153 768 1229 quasi
790 1131 894 1229 penna
920 1155 965 1212 uti
987 1156 1106 1216 volunt:
1136 1157 1242 1233 inepta

139 1260 230 1336 igitur
251 1271 300 1321 est
320 1263 432 1338 imago.
453 1239 607 1321 =Tandem
630 1269 794 1338 postquam
806 1261 934 1340 Milphio
949 1265 1014 1339 pari
1028 1267 1241 1324 exsecratione

140 1390 177 1432 ac
198 1390 225 1434 v.
248 1375 286 1433 41
308 1389 382 1432 usus
405 1372 486 1432 hanc
508 1371 745 1431 collocutionem
767 1372 870 1443 finivit,
893 1374 977 1432 unde
993 1372 1132 1449 digressi
1147 1376 1240 1435 simus

140 1482 351 1543 admonemur.
395 1481 534 1542 Perbene
555 1501 628 1542 vero
648 1482 699 1541 hic
721 1497 842 1542 versus:

182 1593 221 1652 52
265 1608 370 1651 verum
391 1587 505 1672 enlm¹)
526 1593 578 1671 qui
599 1593 693 1650 homo
716 1609 788 1651 eum
808 1591 890 1650 norit
913 1591 975 1650 clto
994 1593 1087 1652 homo
1108 1596 1240 1670 pervorti

1051 1712 1156 1780 potest
1200 1728 1202 1733 ·

139 1787 209 1869 cum
233 1829 259 1872 v.
280 1813 321 1871 43
343 1828 382 1869 eo
404 1811 499 1870 modo
522 1810 725 1888 coniungitur,
751 1818 785 1868 ut
807 1811 1023 1888 Syncerastum
1045 1814 1086 1870 de
1109 1815 1237 1873 consilio

138 1921 182 1978 eri
203 1921 401 1995 pervortendi
425 1914 520 1980 etlam
542 1919 715 1978 deliberare
739 1920 960 1995 intellegamus.

651 2133 732 2195 Vb.

240 2272 300 2349 Qui
320 2275 352 2334 in
367 2275 525 2334 codicibus
546 2275 659 2334 nostris
675 2286 745 2336 sunt
767 2276 864 2336 ultimi
883 2276 973 2337 huius
989 2296 1122 2338 scaenae
1137 2271 1240 2340 versus

137 2386 207 2463 ipso
228 2403 267 2444 eo
294 2360 362 2445 loco
391 2395 463 2445 sunt
488 2386 635 2463 insignes.
696 2385 755 2445 Cui
782 2388 854 2464 quia
875 2397 966 2465 aptos
999 2407 1054 2447 eos
1081 2409 1144 2449 uon
1170 2407 1241 2450 esse

138 2496 309 2572 apparebat
341 2505 414 2573 post
442 2515 469 2558 v.
498 2498 536 2557 31
567 2471 743 2574 Geppertus
771 2516 826 2556 eos
858 2500 1046 2574 transposuit
1070 2499 1243 2560 Acidalium

138 2598 246 2684 (divin.
268 2624 339 2682 pag.
362 2607 421 2666 395
446 2601 497 2683 sq)
519 2613 661 2665 secutus:
693 2607 800 2665 iniuria
821 2587 864 2667 ut
886 2607 960 2667 mihi
980 2610 1108 2672 videtur.
1163 2609 1244 2669 Nam

137 2714 267 2790 primum
289 2732 359 2774 cum
381 2733 504 2774 eversu
520 2719 577 2777 16:
664 2700 668 2709 ⁸
805 2698 832 2720 '¹
1044 2714 1047 2721 ’

249 2825 395 2900 pulsatis
419 2824 483 2884 scio
504 2814 715 2902 impetrarunt,
739 2826 865 2905 quando
888 2826 937 2886 hic
959 2825 1010 2887 hic
1030 2829 1129 2898 adest,
1218 2892 1221 2899 ‚

137 2935 198 2990 nec
218 2933 317 2992 minus
340 2952 358 2991 e
380 2952 406 2995 v.
430 2936 485 2994 30:
669 2938 672 2945 '
863 2924 866 2930 ’
1082 2930 1086 2935 ’

423 3044 481 3101 sed
503 3040 570 3119 quis
591 3043 657 3101 illas
680 3043 734 3102 tibi
754 3024 955 3102 monstrabit?
990 3110 993 3115 ,

137 3150 296 3226 Milphioni
324 3153 441 3227 puellas
468 3151 630 3211 Hannonis
667 3151 736 3211 esse
768 3154 843 3212 filias
876 3144 1056 3230 persuasum
1085 3172 1156 3213 esse
1178 3155 1241 3212 elu-

138 3254 219 3330 ceat,'
252 3260 316 3319 fieri
347 3279 411 3319 non
433 3270 536 3347 potest
558 3273 592 3320 ut
614 3259 641 3324 v]
658 3264 699 3323 50
716 3282 752 3340 sq
773 3258 883 3322 iterum
908 3265 949 3322 de
968 3264 1028 3322 hac
1050 3248 1094 3322 re'
1111 3266 1241 3326 dubitet.

138 3371 273 3429 Accedit
291 3372 377 3447 quod
398 3372 457 3429 iam
481 3390 508 3430 v.
533 3373 571 3431 28
594 3370 707 3430 Hanno
729 3372 931 3449 Milphionem
953 3362 1064 3450 pueros
1088 3375 1242 3433 abducere

137 3478 235 3549 iussit,
269 3478 303 3538 id
333 3472 418 3557 quod
443 3488 477 3539 ut
509 3480 603 3540 faciat
631 3500 658 3541 v.
688 3484 728 3542 64
760 3490 791 3540 et
824 3484 863 3542 55
899 3482 1018 3540 eisdem
1052 3472 1114 3540 fere
1144 3484 1242 3542 verbis

138 3589 357 3663 Agorastocles
385 3589 494 3648 iterum
524 3592 663 3667 imperat.
719 3591 861 3669 Denique
883 3611 910 3654 v.
926 3595 972 3677 55ι
1003 3580 1079 3650 ‘nos
1108 3590 1163 3651 has
1191 3592 1242 3651 hic

142 3747 341 3758 —--—-—.

239 3841 266 3903 1)
286 3840 324 3890 sic
344 3839 404 3892 cod.
422 3855 472 3906 pro
489 3833 586 3915 ‘homo’
619 3841 732 3905 fortasse
746 3841 832 3923 scrib.
860 3810 958 3917 innodof
982 3857 1048 3924 cum
1067 3842 1181 3920 Guyeto.
1208 3837 1242 3892 ‘si

139 3930 219 3986 noris’
239 3937 307 3986 male
327 3936 412 4003 Gepp.
442 3935 476 3986 de
495 3935 572 3985 initio
591 3935 696 3987 dubitat
715 3937 853 4000 Langenus
873 3938 970 4005 (symb.
990 3953 1049 4003 pag.
1072 3937 1146 4006 117);
1175 3954 1241 4004 quae

138 4031 220 4082 verba
247 4049 306 4084 cum
335 4048 422 4099 neque
451 4049 483 4082 ex
508 4033 607 4083 tradito
636 4047 723 4098 neque
742 4047 774 4082 ex
792 4040 884 4084 nostro
902 4050 1025 4084 versuum
1048 4034 1142 4085 ordine
1165 4034 1244 4084 aliter

139 4127 193 4179 nisi
210 4145 258 4198 per
278 4124 318 4179 ‘re
336 4124 404 4180 vers'
430 4129 556 4197 explicari
573 4131 687 4196 possint,
714 4129 865 4181 Plautinum
883 4131 952 4182 illud
979 4130 1059 4182 ‘enim
1075 4125 1145 4183 vero‘
1166 4132 1242 4182 resti·-

138 4227 269 4277 tuendum
285 4233 360 4293 pulo.
