2880 4808
701 283 735 335 26

562 600 566 609 .
668 525 763 587 n11.

266 675 302 734 ln
334 675 393 735 hac
426 693 540 735 scaena
573 676 694 736 difficile
722 685 770 736 est
802 676 940 739 iudicatu
973 679 1014 736 de
1042 679 1269 739 advocatorum

168 783 266 860 prima
288 785 438 845 oratione.
481 785 552 845 Non
579 786 690 862 placet,
722 787 808 863 quod
839 786 886 846 bis
907 787 1010 864 primis
1045 788 1142 849 verbis
1175 790 1268 865 quasi

167 895 351 969 gravissimis
371 894 461 955 minis
482 896 716 972 Agorastoclem
735 896 920 955 invehuntur
951 889 1094 956 ‘divitem
1115 886 1269 958 audacter

166 1005 290 1061 solemus
321 1011 449 1065 mactare
476 1001 675 1080 ¹infortunio’,
710 1022 779 1065 cum
813 1006 845 1064 in
876 1006 1098 1082 posterioribus
1125 1007 1268 1071 versibus

168 1132 262 1188 quam
282 1114 437 1174 lenissime
460 1115 564 1174 dicant
591 1109 706 1193 ‘pridie
729 1115 899 1173 advocatos
922 1123 954 1172 te
976 1132 1033 1173 nos
1055 1115 1116 1174 huc
1138 1116 1267 1176 duxisse

168 1220 316 1299 oportuit’
352 1222 392 1298 (v.
417 1220 471 1303 25)
497 1226 546 1283 vel
574 1212 630 1282 ‘ne
653 1241 711 1283 nos
733 1231 795 1283 tam
818 1224 1019 1300 contemptim
1041 1210 1200 1285 conteras'
1222 1224 1268 1305 (v.

169 1327 238 1412 34);
260 1334 354 1392 etiam
377 1335 429 1411 qui
448 1354 476 1394 v.
494 1337 533 1395 63
551 1353 608 1410 sqq
619 1335 750 1405 addidit,
774 1334 909 1395 demisse
924 1352 980 1394 eos
995 1334 1163 1395 irascentes
1176 1337 1267 1399 facit:

267 1444 347 1502 bene
369 1446 437 1503 vale
458 1445 562 1519 igitur:
585 1454 616 1502 te
637 1446 807 1505 advocatos
828 1445 950 1503 meliust
970 1445 1076 1503 celeris
1096 1446 1220 1509 ducere.

167 1553 299 1630 Magnas
337 1554 533 1613 difficultates
572 1573 600 1613 v.
640 1557 679 1615 15
713 1555 859 1631 praebet:
907 1553 968 1613 hoc
1006 1561 1109 1615 tamen
1147 1562 1268 1614 certum

168 1671 217 1722 est
245 1663 328 1723 hunc
366 1672 398 1721 et
429 1681 549 1723 versum
585 1667 623 1725 18
656 1664 768 1724 eadem
800 1665 939 1723 oratione
975 1664 1158 1724 coniunctos
1195 1681 1270 1725 esse

167 1792 231 1831 non
254 1791 355 1849 posse.
388 1757 523 1832 ·‘lstuc’
555 1790 594 1833 ex
625 1791 664 1832 eo
697 1792 788 1858 versu
817 1773 981 1833 Muellerus
1003 1791 1085 1850 pros.
1107 1791 1177 1850 pag.
1202 1777 1272 1836 362Δ

135 1853 140 1865 ’
169 1883 269 1950 eiecit,
302 1882 366 1939 iure
389 1892 422 1940 ut
450 1883 584 1943 videtur:
628 1901 699 1941 nam
733 1883 884 1941 obnoxius
918 1901 1039 1959 semper
1065 1884 1151 1960 apud
1173 1883 1269 1943 Plau·

169 2000 235 2050 tum
264 1992 403 2050 absolute
435 1993 568 2068 ponitur,
605 2011 772 2069 numquam
804 1993 857 2063 ita,
891 2001 925 2051 ut
956 1992 1105 2068 significet
1124 1981 1269 2054 ‘obstric-

170 2109 220 2160 tus
238 2103 280 2165 ad
303 2102 438 2176 aliquam
448 2096 522 2160 rem’
543 2102 591 2161 vel
610 2090 680 2161 ‘sub
692 2103 792 2179 aliqua
804 2098 1005 2173 condicione',
1024 2102 1062 2164 ct
1083 2101 1170 2162 Asin.
1193 2104 1270 2164 284.

162 2209 282 2277 Bacch.
307 2214 398 2275 1196,
420 2211 510 2288 Epid.
533 2214 603 2272 695.
625 2211 687 2273 Mil.
711 2214 782 2273 746.
805 2211 900 2271 Poen.
914 2211 944 2270 V
964 2215 995 2281 4,
1021 2215 1069 2273 18.
1093 2211 1186 2273 Stich.
1201 2214 1268 2279 497

168 2314 222 2399 (45
251 2320 283 2379 in
305 2322 464 2381 codicibus
494 2330 670 2398 corruptum
696 2340 735 2379 ex
765 2320 903 2398 obnixe).
957 2321 1041 2380 Trin.
1070 2323 1143 2382 269.
1171 2323 1268 2383 1038.

169 2433 259 2493 1063.
295 2431 388 2491 Truc.
415 2433 487 2492 835.
521 2430 652 2490 Versum
678 2432 817 2490 nondum
849 2439 1046 2507 personatum
1073 2447 1144 2489 esse
1176 2437 1268 2506 puto,

168 2539 353 2599 sententiam
385 2549 490 2599 tamen
520 2541 594 2599 satis
627 2549 755 2616 apparet
776 2541 871 2601 talem
895 2541 999 2612 luisse,
1032 2557 1112 2617 quae
1136 2555 1267 2614 respon·

168 2651 243 2709 deat
265 2650 364 2709 versui
388 2653 443 2712 18:
477 2659 531 2709 tuo
553 2651 649 2709 amori
668 2669 772 2711 servos
794 2650 948 2710 addictos.
1001 2650 1037 2709 In
1063 2649 1266 2726 sequentibus

168 2760 304 2819 versibus
342 2769 390 2819 ter
430 2760 514 2819 idem
553 2761 716 2821 audimus:
759 2780 786 2821 v.
822 2763 860 2822 16
910 2754 1085 2837 ‘argentum
1124 2767 1267 2818 nostrum

169 2870 311 2933 dedimus
332 2887 387 2946 pro
411 2861 536 2946 capite';
557 2888 744 2947 quamquam
765 2889 816 2929 me
837 2869 916 2930 haec
937 2871 1030 2928 verba
1051 2844 1115 2928 non
1136 2867 1266 2933 omnino

168 2980 344 3056 perspicere
375 2979 538 3050 confiteor;
577 2980 695 3056 optime
725 2979 798 3037 mihi
833 2980 957 3055 placent
984 2977 1154 3056 comparati
1193 2994 1267 3036 cum

168 3107 194 3146 v.
217 3089 300 3149 Rud.
326 3091 365 3149 97
388 3107 424 3164 sq

210 3197 300 3274 Scep.
320 3199 375 3274 qui
395 3199 535 3258 nominat
555 3197 627 3259 mei
652 3197 762 3258 Daem.
786 3198 838 3275 qui
859 3215 915 3276 pro
939 3207 970 3258 te
993 3206 1153 3273 argentum
1164 3196 1265 3257 dedit.

213 3307 302 3385 Scep.
327 3308 415 3384 quasi
437 3326 487 3367 me
506 3317 591 3366 tuom
613 3325 685 3366 esse
707 3325 827 3367 servom
844 3308 942 3382 dicas,
965 3306 1152 3366 Daemones.

169 3425 233 3476 tum
257 3436 282 3478 v.
307 3419 345 3477 17
366 3402 496 3475 ‘liberos
517 3433 575 3475 nos
607 3434 677 3475 esse
700 3403 837 3493 oportet'
865 3425 946 3476 etv.
970 3419 1010 3477 18
1040 3409 1096 3473 ‘ne
1118 3423 1173 3474 tuo
1202 3433 1265 3475 nos

168 3527 264 3585 amori
296 3543 400 3585 servos
433 3543 504 3585 esse
542 3526 687 3587 addictos
720 3521 873 3587 censeas’.
939 3525 1003 3585 Sed
1035 3533 1104 3585 utut
1143 3525 1184 3584 de
1215 3522 1265 3585 his

167 3636 304 3695 versibus
322 3636 522 3723 iudicandum
544 3643 605 3694 est:
627 3655 697 3695 cum
720 3655 747 3695 v.
765 3639 802 3696 15
818 3636 904 3694 iuxta
925 3655 951 3698 v.
966 3637 1006 3697 18
1021 3645 1103 3695 stare
1117 3643 1264 3711 nequeat,

167 3745 218 3803 ille
239 3754 345 3805 autem
367 3764 436 3805 cum
468 3746 726 3822 praecedentibus
758 3753 824 3805 arte
852 3745 1034 3805 coniunctus
1058 3745 1098 3803 sit
1130 3745 1265 3803 advoca·

167 3863 268 3915 torum
282 3850 353 3929 ἤθει
373 3855 489 3925 alienis,
510 3864 582 3932 post
605 3873 632 3913 v.
657 3856 694 3913 12
718 3871 838 3913 versum
861 3856 900 3914 16
922 3862 1062 3913 secutum
1084 3871 1156 3913 esse
1178 3853 1266 3913 coni·

168 3964 227 4034 cio,
259 3966 342 4022 unde
365 3963 443 4022 haec
473 3965 593 4047 exsistit
615 3964 782 4023 sententiat
816 3980 1003 4041 quamquam
1024 3963 1126 4039 plebei
1149 3970 1181 4021 et
1204 3959 1265 4038 (sic

166 4068 246 4153 libri)
269 4092 421 4150 pauperes
444 4075 499 4133 tibi
516 4075 667 4149 videmur;
691 4082 724 4132 at
741 4073 827 4131 liberi
849 4090 962 4133 sumus.

266 4182 387 4246 Turbas
419 4183 535 4245 deinde
566 4183 599 4246 in
626 4202 653 4245 v.
690 4185 729 4251 38
769 4200 826 4265 sqq
858 4181 959 4271 inesse
992 4191 1076 4245 recte
1115 4181 1264 4246 Goetrius
