2880 4808
700 308 736 364 80

209 503 236 548 v.
260 487 300 547 10
322 486 457 562 equitem
488 485 627 563 peditem
659 486 834 544 libertinum
860 484 958 545 iurem
981 478 1053 565 ac¹)
1086 484 1252 565 fugitivom

1097 598 1184 657 vides

212 720 241 764 v.
266 707 303 764 11
328 705 521 764 verberatum
544 704 680 764 vinctum
706 705 879 776 addictum
902 704 953 785 qui
973 704 1068 766 babet
1090 711 1176 785 quod
1193 711 1251 770 det

969 822 1038 875 utut
1059 816 1182 878 homost

213 939 240 980 v.
266 925 304 982 12
328 923 429 981 omnia
452 940 569 998 genera
589 922 777 1000 recipiuntur
798 941 862 1001 eqs

268 1031 411 1107 Sequitur
429 1040 494 1091 tum
515 1048 629 1118 scaena
648 1032 757 1108 'qualis
781 1032 890 1092 Plauto
913 1035 944 1093 in
966 1034 1083 1095 deliciis
1106 1036 1177 1096 fnit:
1201 1034 1273 1095 Mn-

167 1141 239 1219 pbio
273 1140 488 1217 Syncerastum
519 1141 660 1211 retinere,
695 1142 744 1201 hic
771 1143 893 1202 vasibus
926 1145 1020 1204 sacris
1053 1152 1180 1204 onustus
1213 1147 1272 1205 do·

167 1268 250 1309 mum
272 1250 462 1308 contendere
483 1253 606 1322 studet;
628 1252 756 1311 tandem
779 1252 978 1328 Syncerastus
999 1263 1034 1313 nt
1056 1262 1181 1314 maneat
1203 1274 1272 1314 mo·

168 1368 255 1417 vetur
281 1368 374 1435 atque
397 1378 465 1418 cnm
487 1358 654 1437 Milphione
677 1361 766 1420 facile
788 1380 882 1438 posse
904 1363 968 1422 fieri
1004 1372 1038 1423 ut
1069 1346 1176 1440 pereat
1197 1365 1270 1424 leno

169 1470 375 1528 communicat
397 1466 499 1548 (versu
521 1468 586 1544 43).
617 1470 840 1548 Exspectamus
863 1472 1039 1549 posthunc
1061 1480 1180 1533 versum
1200 1474 1272 1534 ΜΠ·

168 1578 312 1656 phionem
330 1581 455 1639 summis
478 1580 587 1656 opibus
610 1581 770 1641 enixurum
792 1591 826 1642 nt
852 1583 933 1642 illam
964 1584 1084 1643 lenonis
1116 1585 1272 1661 perdendi

168 1689 247 1747 viam
269 1707 288 1746 e
310 1688 494 1765 Syncerasto
521 1693 697 1767 comperiat,
731 1701 811 1752 at'v.
834 1695 875 1753 44
908 1692 1000 1769 plane
1024 1693 1085 1752 allo
1107 1692 1270 1755 trahimur:

167 1800 263 1858 malos
286 1817 320 1857 se
342 1817 412 1858 esse
435 1800 497 1858 dn'o
521 1801 598 1858 servi
624 1801 703 1859 inter
725 1818 759 1860 se
783 1803 986 1873 contendunt,
1020 1804 1104 1879 qnod
1127 1806 1168 1863 de
1190 1803 1270 1880 Syn·

169 1905 324 1983 cerast02)
345 1910 406 1968 iam
429 1929 455 1972 v.
472 1912 512 1970 34
529 1910 708 1973 audivimus.
743 1911 828 1983 Quid
843 1913 928 1989 quod
949 1931 989 1971 ne
1011 1913 1042 1971 hi
1063 1914 1121 1990 ipsi
1143 1914 1271 1990 quidem

168 2037 274 2077 versus
296 2028 371 2095 apto
402 2037 495 2078 sensu
528 2019 607 2078 inter
638 2039 671 2079 se
694 2018 917 2081 conectuntur?
961 2021 1157 2101 Quamquam
1186 2023 1271 2080 enim

168 2127 294 2204 Milphio
316 2148 342 2187 v.
366 2131 406 2189 44
429 2130 580 2205 quaesivit
607 2122 692 2189 ‘num
715 2149 785 2190 esse
808 2132 895 2190 aliter
917 2118 1048 2203 decet?’‚
1081 2132 1146 2190 iure
1177 2132 1273 2207 igitur

169 2235 352 2312 Syncerasto
375 2239 459 2314 apud
481 2238 598 2316 Lycum
620 2239 701 2298 male
722 2258 792 2298 esse
814 2241 900 2311 dixit,
929 2257 1016 2299 versu
1039 2248 1189 2316 sequente
1214 2240 1271 2298 de-

271 2482 298 2551 1)
318 2482 400 2532 iurem
411 2498 441 2532 ac
454 2482 593 2546 fugitivom
607 2483 701 2549 scripsi
719 2499 777 2534 cum
790 2484 932 2551 Gepperto.
961 2483 1020 2536 cod.
1030 2477 1088 2536 ‘ad'
1110 2481 1271 2534 Muellerum

168 2577 250 2644 (pros.
263 2593 323 2644 pag.
337 2576 390 2629 346
409 2579 468 2631 adn.
482 2578 510 2645 2)
530 2585 574 2629 aut
593 2573 650 2629 'ad'
672 2580 875 2646 expungendum
896 2586 940 2630 aut
959 2580 993 2630 ad
1012 2579 1100 2630 omnia
1118 2580 1198 2630 verba
1216 2573 1268 2630 ‘an‘

168 2674 364 2739 adiungendum
394 2690 452 2725 esse
472 2682 622 2727 censentem
640 2690 695 2727 non
716 2683 785 2726 recte
801 2676 919 2727 indicare
938 2683 1012 2744 puto.
1049 2677 1118 2726 Nam
1136 2660 1220 2726 ¹iurem
1239 2690 1270 2726 ac

168 2772 304 2835 fugitivom
322 2772 413 2822 iocose
431 2786 509 2822 unam
529 2773 671 2832 notionem,
692 2786 796 2822 servom
816 2772 926 2839 scilicet,
946 2772 1051 2822 efficere
1071 2779 1097 2823 et
1115 2772 1209 2824 comici
1222 2773 1272 2822 do-

168 2876 229 2919 cent
246 2875 272 2919 et
289 2869 347 2920 inre
365 2869 490 2929 consulti,
508 2869 542 2921 ci.
555 2869 610 2922 Cic.
631 2869 666 2918 de
678 2869 724 2922 off.
739 2870 782 2919 111
794 2869 842 2921 71:
862 2884 912 2919 nec
930 2885 993 2922 vero
1006 2870 1035 2920 in
1047 2869 1163 2936 praediis
1181 2868 1272 2919 solum

167 2965 209 3016 ius
229 2965 306 3016 civile
325 2966 434 3017 ductum
452 2981 468 3015 a
486 2971 578 3017 natura
595 2965 721 3017 malitiam
740 2965 912 3032 fraudemque
930 2966 1054 3026 vindicat,
1077 2966 1125 3016 sed
1143 2966 1223 3016 etiam
1241 2966 1272 3017 in

167 3063 359 3129 mancipiorum
387 3062 540 3115 venditione
559 3063 631 3113 fraus
650 3062 797 3113 venditoris
823 3063 908 3114 omnis
935 3063 1096 3123 excluditnr;
1124 3063 1170 3130 qui
1198 3063 1271 3115 enim

169 3159 237 3211 scire
257 3159 350 3208 debuit
368 3159 402 3209 de
421 3159 541 3220 sanitate,
571 3160 694 3224 defuga,
723 3159 862 3222 detortis,
892 3164 1008 3231 praestat
1027 3159 1115 3210 edicto
1136 3158 1270 3212 aedilium.

168 3255 263 3320 digest.
282 3257 356 3326 XXI
378 3257 400 3317 1,
421 3256 434 3308 l
467 3255 508 3325 (ex
525 3254 667 3325 leiano):
691 3256 762 3306 aiunt
786 3255 900 3308 aediles:
914 3255 975 3322 ,qui
999 3255 1131 3323 mancipia
1152 3254 1272 3306 vendunt

168 3353 293 3404 certiores
312 3354 410 3403 iaciant
427 3360 565 3420 emptores,
585 3353 649 3421 quid
666 3352 752 3403 morbi
766 3352 875 3419 vitiique
895 3353 990 3419 cuique
1009 3353 1051 3414 sit,
1071 3353 1129 3419 quis
1144 3352 1270 3416 fugitivos

167 3466 259 3501 errove
278 3451 320 3503 sit.
339 3450 368 3500 11
389 3451 430 3516 14,
449 3451 484 3503 60
503 3449 620 3517 (elep.
642 3450 661 3504 1.
680 3448 715 3502 42
735 3450 769 3500 ad
781 3446 932 3517 Sabinum):
953 3465 1007 3499 non
1025 3448 1191 3516 impossibile
1202 3457 1270 3516 puto

168 3546 196 3596 in
215 3548 393 3598 contractibus
412 3547 537 3615 depositi,
565 3546 725 3598 commodati
751 3554 777 3598 et
804 3546 886 3596 locuti
916 3552 943 3596 et
969 3546 1049 3596 ceteri
1069 3544 1200 3597 similibus
1218 3546 1270 3597 hoc

168 3650 284 3709 pactum:
304 3660 337 3694 ne
352 3645 432 3694 iacias
451 3645 535 3695 furem
553 3643 595 3694 vel
615 3643 754 3707 fugitivom
774 3658 879 3693 servom
890 3656 989 3702 menm;
1006 3643 1038 3695 ci.
1051 3649 1188 3709 praeterea
1201 3656 1271 3708 quae

170 3741 299 3790 Brnnsius
319 3739 430 3805 collegit
450 3742 516 3792 font.
535 3741 583 3792 inr.
601 3742 683 3792 Rom.
702 3755 762 3805 pag.
787 3740 852 3794 186:
875 3755 934 3790 enm
952 3755 1063 3806 puerum
1081 3755 1172 3790 sanum
1190 3738 1272 3788 trudi·

168 3842 223 3886 tnm
243 3852 310 3898 esse,
336 3837 413 3888 furtis
432 3852 553 3902 noxaque
572 3836 698 3901 solutum,
728 3851 849 3888 erronem
869 3833 1041 3902 ingiti(v)nm‚
1068 3836 1196 3887 caducum
1215 3851 1270 3885 non

169 3949 239 3993 esse;
266 3948 326 3999 pag.
349 3933 399 3985 187
420 3934 492 3985 idem
510 3934 543 3984 de
561 3932 653 4000 puelle
672 3949 754 3986 servm
783 3934 876 3999 Itaque
899 3926 945 3983 ‘ac‘
971 3933 1140 3985 retineamus.
1176 3934 1208 3982 In
1229 3948 1271 3983 se·

171 4037 269 4096 quente
287 4045 365 4080 versu
378 4031 506 4097 Gepperti
523 4031 604 4105 colon
622 4037 684 4099 post
702 4026 770 4080 ‘utut
789 4022 902 4080 homost'
925 4029 1041 4096 positum
1062 4028 1150 4079 deleo.

268 4126 297 4194 2)
316 4127 349 4178 ci.
362 4125 472 4179 Becker.
492 4125 526 4176 de
537 4125 639 4192 syntaxi
649 4110 883 4189 interrogationum
901 4122 1069 4191 obliquatum
1083 4124 1152 4194 apud
1165 4124 1270 4192 priscos

168 4223 311 4291 scriptores
329 4223 440 4274 Latinos
458 4223 485 4273 in
504 4222 579 4275 Stud.
599 4224 668 4276 stud.
687 4225 701 4273 I
718 4238 778 4289 pag.
800 4223 852 4275 238
871 4222 931 4274 adn.
951 4223 975 4274 3.
