2880 4808
704 305 740 361 m

172 478 370 540 efficiendam
388 479 589 557 Milphionem
612 479 710 558 ipsum
733 480 870 541 omnium
897 481 1039 543 dolorum
1059 501 1187 561 gnarum
1219 501 1269 543 su·

169 589 341 667 spicantem
363 591 458 666 fingat
479 590 573 650 etiam
595 590 732 650 Poenum
754 592 804 668 qui
827 601 861 650 ut
879 592 910 650 in
924 593 1053 668 prologo
1074 602 1123 652 est
1145 592 1268 654 Poenus

168 699 263 776 plane
284 708 333 759 est
346 708 504 759 vorsutum
516 718 597 771 esse,
619 701 664 760 sic
685 709 719 760 ut
740 702 909 777 puellarum
932 701 1048 777 agnitio
1069 720 1125 780 per
1144 703 1264 763 Gidde-

168 826 292 868 nemem
313 805 385 868 fiat?
421 810 483 870 Aut
505 811 664 887 quomodo
686 811 886 870 Franckenus
908 812 1074 888 explicabit
1095 815 1181 888 quod
1201 814 1268 872 Me-

168 919 336 981 naechmus
359 921 412 998 qui
440 921 596 996 geminum
623 921 747 980 fratrem
776 922 897 997 quaerit
923 921 1007 979 nullo
1038 928 1176 997 tempore
1204 940 1270 980 sus·

169 1029 289 1106 picatur
310 1048 381 1090 eum
402 1049 471 1092 cum
493 1050 555 1108 quo
577 1031 616 1091 ab
638 1031 780 1090 omnihus
811 1031 1008 1090 confunditur
1036 1031 1159 1090 fratrem
1181 1027 1271 1090 esse?

269 1138 378 1218 Neque
412 1141 511 1200 maius
534 1149 723 1200 momentum
744 1139 877 1216 Hasperi
912 1141 999 1200 alteri
1023 1159 1137 1200 causae
1169 1142 1269 1201 tribuo

169 1250 257 1328 quod
276 1249 440 1310 Hannonis
469 1250 594 1310 fortuito
615 1253 751 1310 adventu
780 1252 806 1310 si
826 1250 955 1328 Milphio
981 1252 1098 1327 puellas
1120 1250 1272 1327 ingenuas

171 1376 243 1419 esse
264 1359 447 1437 compererit
461 1359 523 1419 iam
544 1376 623 1435 opus
638 1359 766 1419 nonsit.
803 1358 882 1418 Nam
902 1377 965 1436 quo
987 1368 1168 1435 argumento
1185 1359 1270 1436 Ago·

169 1469 319 1529 rastocles
341 1470 386 1529 uti
408 1477 513 1546 potest
534 1476 568 1528 ut
590 1470 707 1545 puellas
737 1487 770 1527 re
792 1487 864 1528 vera
894 1477 1051 1546 surreptas
1074 1486 1144 1527 esse
1167 1486 1271 1527 coram

169 1577 274 1637 iudice
295 1576 438 1638 evincat?
485 1579 555 1656 Ipse
580 1579 741 1656 Milphioni
771 1579 878 1637 dolum
907 1580 990 1638 illum
1022 1587 1056 1638 ut
1081 1580 1271 1656 ingrediatur

73 1748 76 1753 Α
170 1689 313 1747 suadenti
335 1689 465 1766 opponit
487 1684 527 1764 (V
550 1691 579 1760 2,
604 1685 671 1765 lll:

272 1799 297 1856 si
318 1798 449 1858 adeam
472 1817 537 1859 rem
557 1799 644 1857 testis
666 1799 799 1858 habeam
821 1797 933 1858 faciam
956 1800 1041 1876 quod
1061 1799 1162 1873 iubes;

170 1907 222 1966 cui
243 1908 428 1970 dubitationi
447 1907 576 1985 Milphio
610 1907 684 1966 nihil
716 1908 799 1966 aliud
822 1908 947 1986 obloqui
968 1916 1073 1984 potest
1094 1908 1152 1967 nisi
1175 1907 1269 1966 sortu-

171 2035 244 2078 nam
264 2017 366 2094 aliqua
388 2017 417 2074 ei
439 2017 619 2077 adiutricem
649 2016 714 2074 fore
737 2013 778 2094 (v.
803 2013 863 2094 13).
921 2019 963 2077 nt
983 2017 1205 2095 gravissimum,
1237 2017 1271 2076 id

171 2144 235 2204 quo
250 2127 328 2186 haec
343 2128 496 2186 sententia
515 2144 637 2204 prorsus
652 2126 805 2197 evertitur,
826 2127 881 2185 viri
894 2127 937 2187 illi
952 2127 1037 2186 docti
1051 2128 1144 2204 plane
1160 2127 1268 2204 negle-

172 2245 295 2295 xerunt:
326 2237 383 2295 nisi
405 2235 532 2312 Milphio
554 2245 647 2296 antea
668 2237 818 2314 comperit
839 2236 1062 2314 Adelphasium
1084 2245 1115 2295 et
1138 2238 1268 2297 Antera-

171 2348 272 2406 stilem
286 2347 437 2422 ingenuas
452 2363 522 2405 esse
539 2354 694 2422 surreptas
709 2344 906 2422 Carthagine,
929 2363 1063 2423 quanam
1078 2345 1266 2404 confidentia

170 2456 358 2515 Hannonem
380 2455 410 2512 V
432 2457 461 2525 2,
486 2457 545 2516 126
568 2473 625 2532 sqq
658 2456 807 2515 inducere
827 2463 943 2531 potest,
976 2464 1011 2514 ut
1040 2456 1156 2514 liberali
1175 2474 1269 2517 manu

172 2558 227 2626 eoi
250 2566 384 2636 adserat,
409 2565 497 2641 quasi
518 2565 598 2623 filiae
621 2566 715 2642 ipsius
734 2559 815 2623 sint?
843 2566 906 2623 Aut
921 2565 1046 2623 omnino
1061 2563 1177 2624 nullum
1195 2583 1270 2624 con·

172 2674 273 2733 silium
305 2674 337 2733 in
362 2674 409 2733 his
439 2661 591 2750 fingendis
618 2683 714 2752 poeta
741 2646 919 2735 adhibuisse
945 2676 1103 2751 putandus
1125 2684 1182 2749 est,
1216 2683 1269 2734 aut

171 2781 299 2858 Milphio
323 2783 481 2841 delibero
503 2800 610 2841 eorum
631 2800 747 2858 genere
769 2790 870 2842 certus
893 2800 962 2841 esse
984 2783 1088 2843 debet.
1142 2783 1174 2843 Si
1195 2800 1268 2869 vero

171 2890 233 2949 hoc
245 2891 445 2961 concesseris,
468 2900 501 2949 et
514 2891 558 2949 IV
575 2893 593 2951 2
617 2899 649 2950 et
665 2893 905 2968 praecedentem
920 2908 1066 2950 scaenam
1081 2908 1151 2950 cum
1165 2901 1272 2968 poste·

173 3000 253 3058 riore
292 3000 414 3059 fabulae
448 3009 537 3077 parte
570 3001 720 3060 artissime
755 2978 921 3059 cohaerere
953 3010 1107 3077 sequetur.
1167 3001 1270 3061 Vnum

172 3117 267 3167 restat
284 3117 499 3187 argumentum
514 3110 599 3186 quod
614 3119 740 3168 nostrae
765 3109 938 3168 sententiae
960 3117 1122 3186 repugnet:
1154 3098 1271 3169 ‘Ache-

172 3205 310 3277 runtem'
332 3220 457 3278 verbum
480 3227 620 3297 correpta
642 3219 739 3296 prima
760 3219 875 3295 syllaba
897 3219 928 3276 in
950 3238 978 3280 v.
1000 3220 1018 3280 9
1041 3219 1184 3295 positum.
1229 3220 1271 3279 At

172 3303 326 3388 mehercle
342 3329 462 3387 etiamsi
483 3333 554 3388 ver‘e
576 3328 718 3388 Plautina
731 3328 873 3387 vocabuli
894 3328 926 3387 in
949 3326 1010 3386 hoc
1025 3345 1113 3386 versu
1128 3345 1270 3388 mensura

173 3447 266 3502 esset.
298 3437 443 3515 equidem
473 3457 538 3497 non
563 3439 738 3498 dubitarem
761 3438 834 3515 quin
856 3436 926 3496 huic
947 3437 1048 3495 versui
1069 3437 1154 3495 iuxta
1180 3456 1207 3499 v.
1231 3441 1269 3497 12

174 3547 260 3606 locus
281 3567 346 3607 non
368 3557 460 3612 esset.
513 3549 585 3608 Non
605 3566 733 3625 possum
754 3548 828 3607 mihi
849 3548 1037 3624 persuadere
1060 3546 1201 3604 Plautum
1223 3545 1271 3602 vel

174 3658 339 3732 quemlibet
360 3667 488 3736 poetam
508 3659 587 3718 haec
609 3658 834 3733 composuisse:

321 3769 391 3829 v.'l
433 3767 518 3842 quod
539 3767 615 3826 illud
636 3775 684 3825 est
705 3785 804 3842 genus

322 3894 350 3936 v.
373 3878 391 3936 9
435 3876 565 3952 quodvis
587 3893 686 3953 genus
708 3876 750 3934 ibi
771 3876 928 3936 hominum
949 3877 1055 3936 videas

323 4001 350 4041 v.
375 3986 414 4043 12
437 3984 540 4043 omnia
560 4001 675 4061 genera
696 3984 897 4063 recipiuntur:

172 4109 359 4169 quamquam
381 4094 550 4168 genuinam
577 4094 667 4153 huius
689 4094 749 4153 loci
776 4094 905 4155 formam
926 4115 991 4155 non
1010 4096 1098 4173 potui
1119 4093 1270 4172 indipisci.

173 4201 212 4265 V.
236 4201 358 4263 10-12
384 4203 515 4263 sortasse
539 4204 583 4262 sic
606 4203 763 4266 restituas:
