2880 4808
651 272 686 325 tt

76 450 222 511 clientae
250 464 333 507 non
356 445 545 505 venerabant
576 447 632 504 sed
655 463 775 521 semper
797 453 953 504 venerant.
1011 443 1099 519 Quos
1120 446 1216 505 Fran·

77 560 205 619 chenus
239 557 332 617 fecit
356 555 474 614 iambos
496 556 562 631 ipse
584 564 766 631 concoquat.
802 556 865 613 Sed
888 574 992 614 versus
1011 565 1118 614 noster
1139 574 1217 613 non·

79 671 154 729 dum
187 669 311 747 plane
340 673 388 723 est
414 673 548 724 sanatus.
585 665 622 723 In
644 665 804 724 codicibus
830 666 1025 725 continuatur
1056 683 1152 741 usque
1175 667 1216 723 ad

78 771 222 849 ‘duas’,
264 776 320 857 „ita
348 781 382 831 ut
408 774 470 831 duo
496 773 645 830 octonarii
667 774 855 849 anapaestici
878 782 1055 850 sequantur.
1101 774 1215 832 Nostro

83 888 196 947 versui
225 900 321 943 unus
337 900 391 958 pes
405 884 503 952 deest,
527 900 619 959 quem
633 882 797 941 Muellerus
820 883 863 940 ita
877 883 1000 960 supplet
1019 876 1120 942 ‘certo
1136 884 1217 941 enim

88 998 155 1057 scio
184 994 296 1073 quod
325 992 450 1067 quidem
472 993 513 1050 ad
535 1009 592 1049 nos
616 977 753 1062 ambas';
786 993 928 1068 equidem
961 993 1098 1069 quamvis
1130 992 1217 1050 dubi·

86 1116 205 1165 tenter
232 1103 389 1161 leniorem
410 1101 565 1160 medelam
586 1102 811 1177 proposuerim:

270 1219 355 1269 certo
377 1211 458 1269 enim
481 1213 566 1288 quod
588 1212 713 1287 quidem
736 1214 778 1270 ad
800 1229 857 1270 nos
880 1213 958 1272 duas
981 1212 1098 1281 ambas,

98 1324 174 1384 coll.
206 1317 325 1396 Amph,
349 1322 424 1380 974:

272 1428 333 1486 iam
353 1426 440 1486 hisce
461 1429 552 1488 ambo
575 1437 606 1487 et
628 1448 731 1488 servos
754 1438 786 1488 et
807 1448 859 1489 era
882 1430 992 1490 frustra
1016 1439 1088 1489 sunt
1111 1432 1184 1489 duo.

102 1539 233 1599 Nescio
267 1556 306 1595 an
343 1538 434 1596 etiam
464 1538 658 1601 Menaechm.
692 1559 720 1598 v.
756 1542 834 1599 1082
867 1548 899 1598 et
934 1542 1015 1600 1120
1046 1549 1118 1617 apte
1153 1540 1220 1616 quis

113 1648 362 1725 comparaverit:

322 1757 352 1815 lsi
377 1767 447 1816 suut
470 1759 584 1834 gemini
605 1759 743 1834 germani
767 1761 841 1830 duo,

648 1879 680 1926 et

323 1976 437 2053 gemini
458 1978 550 2035 ambo
574 1994 702 2038 eramus.

226 2083 335 2160 Neque
356 2086 389 2143 in
411 2103 449 2143 eo
476 2104 567 2163 quem
589 2087 810 2163 Adelphasium
832 2089 1003 2163 respondet
1034 2105 1123 2146 versu
1153 2083 1221 2163 (11)

122 2192 265 2251 Muelleri
286 2194 378 2253 lectio
400 2196 518 2271 placet:

169 2301 247 2362 istrie
267 2303 371 2362 malim
393 2305 457 2364 aliis
472 2303 516 2364 ita
527 2307 669 2366 videatur
683 2306 822 2384 quamsit
843 2316 876 2365 tu
898 2315 928 2365 te
943 2325 1029 2365 soror
1043 2305 1222 2366 conlaudes.

124 2411 161 2468 In
184 2413 252 2473 cod.
275 2421 323 2471 est
339 2405 453 2473 ‘malim
476 2400 574 2475 istuc'.
618 2414 681 2473 Sed
703 2415 774 2492 quia
792 2400 915 2473 ‘velim'
936 2415 1134 2473 coniunctum
1154 2432 1224 2473 cum

127 2520 322 2579 coniunctivo
346 2525 534 2598 paratactico
557 2524 736 2600 plerumque
758 2523 828 2583 huic
850 2525 1047 2600 postponitur
1069 2532 1162 2599 atque
1184 2541 1224 2581 eo

126 2646 190 2686 uno
204 2630 273 2687 loco
290 2648 350 2707 quo
369 2627 503 2690 ‘malim'
527 2632 585 2691 hac
601 2641 753 2691 structura
771 2633 915 2691 traditum
931 2640 979 2690 est
990 2632 1085 2691 Poen.
1103 2632 1157 2708 12,
1169 2634 1223 2692 76:

171 2738 214 2796 ita
236 2758 285 2797 me
305 2740 337 2798 di
354 2751 458 2800 ament
481 2750 514 2800 ut
537 2742 588 2800 illa
607 2760 656 2800 me
678 2750 764 2800 amet
776 2743 886 2800 malim
908 2759 1000 2817 quam
1022 2741 1063 2810 di,
1085 2740 1213 2816 Milphio

127 2848 338 2908 coniunctivus
361 2853 529 2927 praeeedit,
563 2853 656 2910 etiam
687 2851 748 2909 hoc
769 2852 838 2910 loco
858 2845 990 2910 ‘malim’
1013 2857 1085 2927 post
1104 2844 1227 2908 ‘videa·
1279 2904 1282 2911 .

129 2943 194 3014 tur’
215 2963 477 3037 transponendum
500 2979 568 3019 esse
591 2970 681 3037 puto:

172 3066 250 3125 istuc
273 3070 337 3127 aliis
360 3071 403 3128 ita
423 3072 562 3128 videatur
584 3071 686 3129 malim
705 3087 797 3147 quam
819 3079 852 3129 ut
875 3078 907 3128 tu
930 3078 961 3128 te
983 3069 1171 3138 conlaudes;

125 3168 245 3232 ‘soror'
269 3179 362 3236 etiam
385 3179 464 3239 inv.
491 3181 529 3238 10
551 3198 644 3256 prave
667 3188 714 3238 est
736 3180 920 3256 appositum.
