2880 4808
728 277 762 334 ts

225 453 309 519 Asin
332 457 410 518 412:
442 464 537 514 netu
568 454 670 515 hercle
694 473 763 514 cum
786 472 901 532 magno
928 455 1010 514 malo
1019 448 1045 535 1)
1073 455 1146 514 mihi
1172 454 1295 515 obviam

1063 565 1232 627 occessistl.

272 679 335 738 470
357 691 411 752 sq:
444 674 534 733 nimis
555 675 704 734 iracunde
725 693 789 733 non
811 671 1091 752 decet'superbum
1113 692 1183 734 esse
1197 675 1296 734 homi·

1017 804 1090 844 nem
1111 803 1231 844 servom

448 894 529 952 malo
550 894 653 953 hercle
676 890 777 971 cum2)
802 911 915 970 magno
936 902 1001 963 tuo,
1023 895 1055 953 ni
1074 895 1123 953 isti
1137 912 1196 953 nec
1210 903 1296 953 recte

1145 1003 1230 1064 dicis.

273 1116 332 1175 901
357 1128 408 1189 sq:
441 1110 556 1188 edepol
573 1129 613 1168 ne
631 1119 663 1168 tu
678 1109 772 1168 hodie
782 1105 808 1190 ³)
831 1111 908 1170 istuc
923 1129 992 1171 cum
1006 1113 1088 1171 malo
1109 1129 1223 1187 magno
1239 1121 1295 1171 tuo

443 1220 546 1279 dixisti
568 1221 599 1277 in
621 1237 679 1281 me.

274 1335 333 1393 909
357 1349 408 1408 sq:
442 1339 475 1389 tu
498 1326 627 1403 istaec4l
650 1328 744 1387 hodie
767 1349 837 1388 cum
859 1338 912 1389 tuo
934 1349 1048 1408 magno
1070 1331 1152 1390 malo

293 1440 296 1446 ’
443 1438 631 1500 invocavisti.

238 1550 305 1611 Aul.
329 1551 408 1608 425:
441 1557 474 1607 at
495 1548 685 1608 herclecum
707 1567 822 1625 magno
844 1551 925 1610 malo
948 1546 1044 1630 tuol),
1072 1551 1097 1608 si
1119 1551 1180 1608 hoc
1202 1560 1295 1628 caput

1124 1661 1226 1719 sentit.

196 1768 306 1830 Bacch.
330 1769 407 1828 ⁶03:
441 1785 480 1825 ne
502 1767 554 1827 illa
576 1767 651 1827 illud
666 1769 760 1827 hodie
784 1788 852 1828 cum
874 1769 957 1829 malo
980 1769 1054 1829 iecit
1077 1764 1177 1848 suo⁰).

221 1878 310 1955 Capt.
335 1879 410 1938 681:
443 1885 476 1934 at
498 1896 568 1935 cum
591 1878 726 1935 cruciatu
748 1897 892 1937 maxumo
913 1879 946 1936 id
965 1879 1111 1938 factumst
1131 1887 1194 1941 tu0.

217 1984 306 2049 Cure.
332 1990 406 2048 194:
441 2005 509 2045 cum
529 1988 665 2046 cruciatu
688 2006 801 2064 magno
824 1989 928 2048 dixisti
949 1987 982 2047 id
1003 1997 1068 2050 tuo.

226 2099 307 2160 Rud.
333 2100 408 2158 656:
445 2105 478 2156 at
497 2098 577 2156 maio
600 2115 668 2156 cum
689 2115 804 2174 magno
827 2116 884 2156 suo
904 2098 1006 2158 hercle
1030 2095 1145 2174 secitll.

195 2207 290 2265 Merc.
308 2208 347 2266 22
360 2225 410 2283 sq:
444 2225 503 2265 nec
525 2208 576 2283 pol
598 2208 737 2284 proiecto
759 2209 920 2284 quisquam
944 2209 1010 2266 sine
1031 2209 1139 2285 grandi
1160 2207 1242 2267 malo

705 2363 712 2377 .
736 2365 743 2378 .
767 2313 915 2394 studuit⁸l
937 2317 1122 2393 elegantiae.

217 2424 308 2488 Truc.
333 2428 408 2488 945:
441 2426 502 2484 iam
527 2425 628 2484 hercle
651 2420 754 2507 euml)
776 2445 891 2502 magno
913 2427 997 2505 malo
1020 2435 1053 2484 tu
1080 2427 1201 2502 vapula,

1012 2535 1055 2594 vir
1078 2543 1230 2596 strenuos

245 2643 326 2704 Rud.
350 2646 411 2705 923
444 2645 559 2703 lucrum
582 2653 614 2704 et
635 2646 754 2704 malum*
769 2645 814 2704 sic
835 2644 1008 2704 coniunxit:

443 2771 515 2812 nam
538 2756 590 2831 qui
612 2754 766 2814 dormiunt
792 2755 941 2825 lubenter,
969 2754 1034 2813 sine
1061 2755 1145 2813 lucro
1168 2763 1199 2813 et
1225 2772 1296 2812 cum

957 2864 1039 2923 malo
1060 2864 1231 2940 quiescunt.

295 2972 408 3043 Pseud.
420 2976 481 3035 964
496 2974 557 3032 iam
572 2974 734 3033 Muellerus
750 2971 862 3050 (addit.
878 2974 920 3032 ad
933 2992 1015 3051 pros.
1025 2972 1124 3036 Plaut.
1136 2992 1205 3051 pag.
1220 2969 1294 3051 140)

196 3084 387 3141 assentiente
410 3082 561 3142 Lorenzio
584 3084 775 3143 emendavit:

296 3324 323 3394 1)
343 3325 528 3376 Fleckeiseuus
548 3326 575 3376 iu
595 3326 712 3377 editione
732 3325 850 3390 adiungit
868 3326 947 3376 etium
964 3321 1039 3379 ‘tu0'.

296 3423 324 3490 2)
343 3423 403 3475 cod.
422 3423 482 3484 iarn,
502 3423 556 3476 del.
580 3422 670 3476 Fleck.
694 3422 762 3489 phil.
784 3424 813 3473 11
836 3423 879 3476 96.
902 3417 977 3473 ‘cum‘
1006 3421 1117 3476 Lom'au.
1142 3439 1213 3492 spec.
1237 3424 1296 3479 crit.

195 3535 255 3587 pag.
278 3520 319 3572 18.
337 3518 434 3573 Muell.
453 3518 519 3586 phil.
537 3521 582 3570 IX
602 3520 663 3572 741.

295 3613 323 3685 3)
340 3616 424 3666 hodie
443 3615 504 3670 add.
524 3615 670 3667 Muellerus
688 3631 760 3682 pros.
780 3632 840 3690 pag.
860 3616 922 3672 763.

295 3711 324 3780 4)
342 3719 371 3764 tu
391 3713 474 3764 istaec
493 3713 594 3766 Camer.
612 3713 664 3764 tuis
683 3712 750 3764 haec
769 3714 841 3766 11611.

296 3806 324 3872 6)
343 3806 413 3857 malo
432 3814 479 3881 tuo
497 3824 593 3872 magno
612 3808 683 3862 libri.
703 3816 800 3876 transp.
818 3809 927 3862 Harius.
947 3810 1039 3861 Herm.
1052 3808 1087 3861 de
1100 3818 1176 3863 metr.
1194 3825 1220 3879 p.
1236 3809 1295 3865 171.

298 3902 326 3972 6)
346 3920 395 3954 suo
413 3904 449 3958 A.
469 3920 518 3955 suo
536 3921 597 3956 meo
617 3906 696 3957 BCD.

295 4001 321 4065 7)
340 4001 404 4051 lecit
421 4000 511 4051 hercle
530 4001 602 4055 libri.
630 4009 729 4070 transp.
747 4002 877 4056 Weisins.

294 4097 324 4166 8)
343 4097 426 4148 studit
444 4099 476 4152 B.
497 4098 587 4149 studet
604 4097 708 4165 reliqui.
728 4115 793 4151 corr.
813 4099 984 4152 Camerarius.

294 4192 324 4264 9)
342 4196 393 4246 ium
411 4195 482 4248 libri.
502 4212 568 4249 corr.
588 4195 707 4249 Bothius.
727 4194 799 4249 idem
819 4197 879 4248 add.
898 4191 996 4249 ‘malo’.
