<?xml version="1.0" encoding="UTF-8"?>
<!DOCTYPE html PUBLIC "-//W3C//DTD XHTML 1.0 Transitional//EN"
    "http://www.w3.org/TR/xhtml1/DTD/xhtml1-transitional.dtd">
<html xmlns="http://www.w3.org/1999/xhtml" xml:lang="en" lang="en">
 <head>
  <title>
</title>
<meta http-equiv="Content-Type" content="text/html;charset=utf-8" />
  <meta name='ocr-system' content='tesseract 3.04.00' />
  <meta name='ocr-capabilities' content='ocr_page ocr_carea ocr_par ocr_line ocrx_word'/>
</head>
<body>
  <div class='ocr_page' id='page_1' title='image "./depoenuloplauti00schugoog_0044.png"; bbox 0 0 2880 4808; ppageno 0'>
   <div class='ocr_carea' id='block_1_1' title="bbox 711 280 745 335">
    <p class='ocr_par' dir='ltr' id='par_1_1' title="bbox 711 280 745 335">
     <span class='ocr_line' id='line_1_1' title="bbox 711 280 745 335; baseline -0.059 0"><span class='ocrx_word' id='word_1_1' title='bbox 711 280 745 335; x_wconf 78' lang='lat'>43</span> 
     </span>
    </p>
   </div>
   <div class='ocr_carea' id='block_1_2' title="bbox 594 459 792 574">
    <p class='ocr_par' dir='ltr' id='par_1_2' title="bbox 594 459 792 574">
     <span class='ocr_line' id='line_1_2' title="bbox 594 459 792 574; baseline 0.015 -13"><span class='ocrx_word' id='word_1_2' title='bbox 594 459 598 465; x_wconf 59' lang='grc'><em>’</em></span> <span class='ocrx_word' id='word_1_3' title='bbox 644 503 792 574; x_wconf 73' lang='lat' dir='ltr'>ruas.</span> 
     </span>
    </p>
   </div>
   <div class='ocr_carea' id='block_1_3' title="bbox 169 658 1338 4252">
    <p class='ocr_par' dir='ltr' id='par_1_3' title="bbox 269 658 1166 749">
     <span class='ocr_line' id='line_1_3' title="bbox 269 658 1166 749; baseline 0.007 -20"><span class='ocrx_word' id='word_1_4' title='bbox 269 672 304 729; x_wconf 95' lang='lat' dir='ltr'>In</span> <span class='ocrx_word' id='word_1_5' title='bbox 326 674 396 732; x_wconf 92' lang='lat' dir='ltr'>cod.</span> <span class='ocrx_word' id='word_1_6' title='bbox 421 667 563 749; x_wconf 90' lang='lat' dir='ltr'>corrupta</span> <span class='ocrx_word' id='word_1_7' title='bbox 584 673 689 732; x_wconf 89' lang='lat' dir='ltr'>insunt</span> <span class='ocrx_word' id='word_1_8' title='bbox 712 673 818 734; x_wconf 86' lang='lat' dir='ltr'>verba:</span> <span class='ocrx_word' id='word_1_9' title='bbox 838 668 949 732; x_wconf 89' lang='lat' dir='ltr'>‘latere</span> <span class='ocrx_word' id='word_1_10' title='bbox 971 672 1041 731; x_wconf 86' lang='lat' dir='ltr'>forti</span> <span class='ocrx_word' id='word_1_11' title='bbox 1061 658 1166 735; x_wconf 81' lang='lat' dir='ltr'>ferro&#39;.</span> 
     </span>
    </p>

    <p class='ocr_par' dir='ltr' id='par_1_4' title="bbox 169 781 653 858">
     <span class='ocr_line' id='line_1_4' title="bbox 169 781 653 858; baseline 0.008 -19"><span class='ocrx_word' id='word_1_12' title='bbox 169 781 317 840; x_wconf 87' lang='lat' dir='ltr'>Perverse</span> <span class='ocrx_word' id='word_1_13' title='bbox 340 781 516 858; x_wconf 89' lang='lat' dir='ltr'>Geppertus</span> <span class='ocrx_word' id='word_1_14' title='bbox 539 783 653 843; x_wconf 87' lang='lat' dir='ltr'>edidit:</span> 
     </span>
    </p>

    <p class='ocr_par' dir='ltr' id='par_1_5' title="bbox 169 891 1267 1291">
     <span class='ocr_line' id='line_1_5' title="bbox 420 891 1011 970; baseline 0.005 -22"><span class='ocrx_word' id='word_1_15' title='bbox 420 891 622 970; x_wconf 89' lang='lat' dir='ltr'>praepeditus</span> <span class='ocrx_word' id='word_1_16' title='bbox 644 891 878 968; x_wconf 86' lang='lat' dir='ltr'>latera·forcipe</span> <span class='ocrx_word' id='word_1_17' title='bbox 902 891 1011 965; x_wconf 86' lang='lat' dir='ltr'>ferreo,</span> 
     </span>
     <span class='ocr_line' id='line_1_6' title="bbox 170 999 1267 1060; baseline -0.001 -3"><span class='ocrx_word' id='word_1_18' title='bbox 170 1018 189 1057; x_wconf 96' lang='lat' dir='ltr'>a</span> <span class='ocrx_word' id='word_1_19' title='bbox 225 1008 322 1060; x_wconf 89' lang='lat' dir='ltr'>metro</span> <span class='ocrx_word' id='word_1_20' title='bbox 361 1007 392 1058; x_wconf 91' lang='lat' dir='ltr'>et</span> <span class='ocrx_word' id='word_1_21' title='bbox 433 1017 452 1056; x_wconf 90' lang='lat' dir='ltr'>a</span> <span class='ocrx_word' id='word_1_22' title='bbox 492 1001 645 1059; x_wconf 89' lang='lat' dir='ltr'>sententia</span> <span class='ocrx_word' id='word_1_23' title='bbox 688 999 829 1060; x_wconf 91' lang='lat' dir='ltr'>alienum.</span> <span class='ocrx_word' id='word_1_24' title='bbox 904 1000 983 1059; x_wconf 90' lang='lat' dir='ltr'>Nam</span> <span class='ocrx_word' id='word_1_25' title='bbox 1018 1018 1172 1058; x_wconf 90' lang='lat' dir='ltr'>servorum</span> <span class='ocrx_word' id='word_1_26' title='bbox 1204 1018 1267 1057; x_wconf 91' lang='lat' dir='ltr'>non</span> 
     </span>
     <span class='ocr_line' id='line_1_7' title="bbox 169 1108 1266 1186; baseline 0.002 -20"><span class='ocrx_word' id='word_1_27' title='bbox 169 1108 267 1166; x_wconf 89' lang='lat' dir='ltr'>latera</span> <span class='ocrx_word' id='word_1_28' title='bbox 298 1111 357 1168; x_wconf 88' lang='lat' dir='ltr'>sed</span> <span class='ocrx_word' id='word_1_29' title='bbox 383 1111 481 1186; x_wconf 91' lang='lat' dir='ltr'>pedes</span> <span class='ocrx_word' id='word_1_30' title='bbox 505 1110 622 1169; x_wconf 90' lang='lat' dir='ltr'>catenis</span> <span class='ocrx_word' id='word_1_31' title='bbox 645 1110 861 1170; x_wconf 89' lang='lat' dir='ltr'>circumclusos</span> <span class='ocrx_word' id='word_1_32' title='bbox 897 1110 990 1169; x_wconf 82' lang='lat' dir='ltr'>fuisse</span> <span class='ocrx_word' id='word_1_33' title='bbox 1024 1128 1062 1169; x_wconf 84' lang='lat' dir='ltr'>ex</span> <span class='ocrx_word' id='word_1_34' title='bbox 1095 1110 1160 1169; x_wconf 89' lang='lat' dir='ltr'>aliis</span> <span class='ocrx_word' id='word_1_35' title='bbox 1193 1110 1266 1168; x_wconf 89' lang='lat' dir='ltr'>locis</span> 
     </span>
     <span class='ocr_line' id='line_1_8' title="bbox 169 1202 330 1291; baseline 0.019 -15"><span class='ocrx_word' id='word_1_36' title='bbox 169 1202 330 1291; x_wconf 81' lang='lat' dir='ltr'>discimus:</span> 
     </span>
    </p>

    <p class='ocr_par' dir='ltr' id='par_1_6' title="bbox 270 1326 1058 1406">
     <span class='ocr_line' id='line_1_9' title="bbox 270 1326 1058 1406; baseline 0 -20"><span class='ocrx_word' id='word_1_37' title='bbox 270 1326 357 1406; x_wconf 86' lang='lat' dir='ltr'>Capt.</span> <span class='ocrx_word' id='word_1_38' title='bbox 381 1331 439 1389; x_wconf 81' lang='lat'>721</span> <span class='ocrx_word' id='word_1_39' title='bbox 463 1346 536 1406; x_wconf 89' lang='lat' dir='ltr'><strong>sqq:</strong></span> <span class='ocrx_word' id='word_1_40' title='bbox 954 1329 1058 1388; x_wconf 89' lang='lat' dir='ltr'>ducite</span> 
     </span>
    </p>

    <p class='ocr_par' dir='ltr' id='par_1_7' title="bbox 170 1437 1229 2830">
     <span class='ocr_line' id='line_1_10' title="bbox 319 1437 1060 1516; baseline 0.003 -22"><span class='ocrx_word' id='word_1_41' title='bbox 319 1437 370 1495; x_wconf 91' lang='lat' dir='ltr'>ubi</span> <span class='ocrx_word' id='word_1_42' title='bbox 393 1441 585 1515; x_wconf 88' lang='lat' dir='ltr'>ponderosas</span> <span class='ocrx_word' id='word_1_43' title='bbox 607 1457 728 1498; x_wconf 87' lang='lat' dir='ltr'>crassas</span> <span class='ocrx_word' id='word_1_44' title='bbox 751 1439 1060 1516; x_wconf 82' lang='lat' dir='ltr'>capiatcompedes;</span> 
     </span>
     <span class='ocr_line' id='line_1_11' title="bbox 217 1545 1169 1636; baseline 0.003 -34"><span class='ocrx_word' id='word_1_45' title='bbox 217 1629 222 1636; x_wconf 28' lang='lat'>&#39;</span> <span class='ocrx_word' id='word_1_46' title='bbox 273 1545 366 1604; x_wconf 87' lang='lat' dir='ltr'>Persa</span> <span class='ocrx_word' id='word_1_47' title='bbox 387 1549 447 1607; x_wconf 84' lang='lat'>572</span> <span class='ocrx_word' id='word_1_48' title='bbox 471 1564 522 1623; x_wconf 91' lang='lat' dir='ltr'>sq:</span> <span class='ocrx_word' id='word_1_49' title='bbox 825 1566 865 1607; x_wconf 90' lang='lat' dir='ltr'>ne</span> <span class='ocrx_word' id='word_1_50' title='bbox 887 1548 913 1606; x_wconf 90' lang='lat' dir='ltr'>si</span> <span class='ocrx_word' id='word_1_51' title='bbox 936 1548 1016 1607; x_wconf 85' lang='lat' dir='ltr'>ferro</span> <span class='ocrx_word' id='word_1_52' title='bbox 1039 1549 1169 1624; x_wconf 90' lang='lat' dir='ltr'>parseris</span> 
     </span>
     <span class='ocr_line' id='line_1_12' title="bbox 319 1655 1229 1736; baseline -0.001 -23"><span class='ocrx_word' id='word_1_53' title='bbox 319 1656 434 1714; x_wconf 84' lang='lat' dir='ltr'>ferreos</span> <span class='ocrx_word' id='word_1_54' title='bbox 458 1657 511 1714; x_wconf 92' lang='lat' dir='ltr'>tibi</span> <span class='ocrx_word' id='word_1_55' title='bbox 534 1666 600 1716; x_wconf 93' lang='lat' dir='ltr'>tute</span> <span class='ocrx_word' id='word_1_56' title='bbox 622 1656 774 1736; x_wconf 84' lang='lat' dir='ltr'>impingas</span> <span class='ocrx_word' id='word_1_57' title='bbox 796 1659 902 1716; x_wconf 91' lang='lat' dir='ltr'>videas</span> <span class='ocrx_word' id='word_1_58' title='bbox 926 1675 1045 1717; x_wconf 87' lang='lat' dir='ltr'>crassas</span> <span class='ocrx_word' id='word_1_59' title='bbox 1069 1655 1229 1731; x_wconf 87' lang='lat' dir='ltr'>compedis</span> 
     </span>
     <span class='ocr_line' id='line_1_13' title="bbox 320 1765 1167 1845; baseline 0.004 -21"><span class='ocrx_word' id='word_1_60' title='bbox 320 1769 394 1827; x_wconf 80' lang='lat'><strong>269:</strong></span> <span class='ocrx_word' id='word_1_61' title='bbox 419 1767 593 1826; x_wconf 87' lang='lat' dir='ltr'>verberibus</span> <span class='ocrx_word' id='word_1_62' title='bbox 616 1769 705 1826; x_wconf 90' lang='lat' dir='ltr'>caedi</span> <span class='ocrx_word' id='word_1_63' title='bbox 727 1768 858 1839; x_wconf 90' lang='lat' dir='ltr'>iusserit,</span> <span class='ocrx_word' id='word_1_64' title='bbox 881 1768 1009 1845; x_wconf 86' lang='lat' dir='ltr'>pedicas</span> <span class='ocrx_word' id='word_1_65' title='bbox 1031 1765 1167 1844; x_wconf 82' lang='lat' dir='ltr'>impingi.</span> 
     </span>
     <span class='ocr_line' id='line_1_14' title="bbox 170 1873 955 1952; baseline 0.009 -20"><span class='ocrx_word' id='word_1_66' title='bbox 170 1873 286 1932; x_wconf 89' lang='lat' dir='ltr'>Latera</span> <span class='ocrx_word' id='word_1_67' title='bbox 308 1875 396 1950; x_wconf 84' lang='lat' dir='ltr'>virgis</span> <span class='ocrx_word' id='word_1_68' title='bbox 419 1878 600 1946; x_wconf 85' lang='lat' dir='ltr'>lacerantur,</span> <span class='ocrx_word' id='word_1_69' title='bbox 623 1877 663 1938; x_wconf 87' lang='lat' dir='ltr'>cf.</span> <span class='ocrx_word' id='word_1_70' title='bbox 686 1877 801 1939; x_wconf 90' lang='lat' dir='ltr'>Bacch.</span> <span class='ocrx_word' id='word_1_71' title='bbox 824 1880 884 1939; x_wconf 83' lang='lat'>780</span> <span class='ocrx_word' id='word_1_72' title='bbox 906 1897 955 1952; x_wconf 92' lang='lat' dir='ltr'>sq:</span> 
     </span>
     <span class='ocr_line' id='line_1_15' title="bbox 319 1985 1055 2063; baseline 0.001 -21"><span class='ocrx_word' id='word_1_73' title='bbox 319 1993 353 2042; x_wconf 95' lang='lat' dir='ltr'>ut</span> <span class='ocrx_word' id='word_1_74' title='bbox 375 1993 429 2044; x_wconf 91' lang='lat' dir='ltr'>tua</span> <span class='ocrx_word' id='word_1_75' title='bbox 449 1985 509 2043; x_wconf 92' lang='lat' dir='ltr'>iam</span> <span class='ocrx_word' id='word_1_76' title='bbox 531 1986 620 2063; x_wconf 84' lang='lat' dir='ltr'>virgis</span> <span class='ocrx_word' id='word_1_77' title='bbox 642 1987 739 2046; x_wconf 90' lang='lat' dir='ltr'>latera</span> <span class='ocrx_word' id='word_1_78' title='bbox 763 1987 938 2046; x_wconf 89' lang='lat' dir='ltr'>lacerentur</span> <span class='ocrx_word' id='word_1_79' title='bbox 958 1987 1055 2063; x_wconf 89' lang='lat' dir='ltr'>probe</span> 
     </span>
     <span class='ocr_line' id='line_1_16' title="bbox 323 2093 1053 2174; baseline 0.003 -23"><span class='ocrx_word' id='word_1_80' title='bbox 323 2093 513 2172; x_wconf 80' lang='lat' dir='ltr'>ferratusque</span> <span class='ocrx_word' id='word_1_81' title='bbox 537 2096 568 2153; x_wconf 90' lang='lat' dir='ltr'>in</span> <span class='ocrx_word' id='word_1_82' title='bbox 587 2096 715 2174; x_wconf 86' lang='lat' dir='ltr'>pistrino</span> <span class='ocrx_word' id='word_1_83' title='bbox 739 2105 874 2156; x_wconf 90' lang='lat' dir='ltr'>aetatem</span> <span class='ocrx_word' id='word_1_84' title='bbox 897 2105 1053 2171; x_wconf 90' lang='lat' dir='ltr'>conteras;</span> 
     </span>
     <span class='ocr_line' id='line_1_17' title="bbox 268 2202 1151 2281; baseline 0.003 -22"><span class='ocrx_word' id='word_1_85' title='bbox 268 2202 352 2262; x_wconf 92' lang='lat' dir='ltr'>Pers.</span> <span class='ocrx_word' id='word_1_86' title='bbox 376 2206 431 2263; x_wconf 83' lang='lat'>28:</span> <span class='ocrx_word' id='word_1_87' title='bbox 455 2203 524 2261; x_wconf 90' lang='lat' dir='ltr'>vide</span> <span class='ocrx_word' id='word_1_88' title='bbox 548 2206 643 2263; x_wconf 91' lang='lat' dir='ltr'>modo</span> <span class='ocrx_word' id='word_1_89' title='bbox 666 2205 787 2263; x_wconf 89' lang='lat' dir='ltr'>ulmeae</span> <span class='ocrx_word' id='word_1_90' title='bbox 810 2206 982 2281; x_wconf 88' lang='lat' dir='ltr'>catapultae</span> <span class='ocrx_word' id='word_1_91' title='bbox 1005 2213 1089 2262; x_wconf 89' lang='lat' dir='ltr'>tuom</span> <span class='ocrx_word' id='word_1_92' title='bbox 1112 2224 1151 2262; x_wconf 90' lang='lat' dir='ltr'>ne</span> 
     </span>
     <span class='ocr_line' id='line_1_18' title="bbox 859 2314 1149 2392; baseline 0.003 -18"><span class='ocrx_word' id='word_1_93' title='bbox 859 2317 1040 2392; x_wconf 83' lang='lat' dir='ltr'>transfigant</span> <span class='ocrx_word' id='word_1_94' title='bbox 1061 2314 1149 2375; x_wconf 76' lang='lat' dir='ltr'>latus</span> 
     </span>
     <span class='ocr_line' id='line_1_19' title="bbox 172 2421 843 2485; baseline 0.009 -7"><span class='ocrx_word' id='word_1_95' title='bbox 172 2421 215 2479; x_wconf 92' lang='lat' dir='ltr'>Hi</span> <span class='ocrx_word' id='word_1_96' title='bbox 238 2423 388 2483; x_wconf 87' lang='lat' dir='ltr'>cruciatus</span> <span class='ocrx_word' id='word_1_97' title='bbox 413 2424 569 2484; x_wconf 88' lang='lat' dir='ltr'>coniuncti</span> <span class='ocrx_word' id='word_1_98' title='bbox 591 2434 662 2484; x_wconf 79' lang='lat' dir='ltr'>sun&#39;t</span> <span class='ocrx_word' id='word_1_99' title='bbox 685 2426 767 2485; x_wconf 89' lang='lat' dir='ltr'>Pers.</span> <span class='ocrx_word' id='word_1_100' title='bbox 789 2428 843 2484; x_wconf 82' lang='lat'>22:</span> 
     </span>
     <span class='ocr_line' id='line_1_20' title="bbox 319 2531 1166 2611; baseline 0.005 -23"><span class='ocrx_word' id='word_1_101' title='bbox 319 2531 361 2589; x_wconf 89' lang='lat' dir='ltr'>fui</span> <span class='ocrx_word' id='word_1_102' title='bbox 382 2533 586 2608; x_wconf 83' lang='lat' dir='ltr'>praefer-ratus</span> <span class='ocrx_word' id='word_1_103' title='bbox 610 2537 693 2610; x_wconf 89' lang='lat' dir='ltr'>apud</span> <span class='ocrx_word' id='word_1_104' title='bbox 714 2535 814 2593; x_wconf 92' lang='lat' dir='ltr'>molas</span> <span class='ocrx_word' id='word_1_105' title='bbox 838 2535 975 2592; x_wconf 87' lang='lat' dir='ltr'>tribunus</span> <span class='ocrx_word' id='word_1_106' title='bbox 1000 2533 1166 2611; x_wconf 79' lang='lat' dir='ltr'>vapularis3</span> 
     </span>
     <span class='ocr_line' id='line_1_21' title="bbox 205 2630 1169 2719; baseline 0.004 -21"><span class='ocrx_word' id='word_1_107' title='bbox 205 2630 208 2635; x_wconf 66' lang='grc'><strong>’</strong></span> <span class='ocrx_word' id='word_1_108' title='bbox 270 2642 345 2703; x_wconf 84' lang='grc'>419;</span> <span class='ocrx_word' id='word_1_109' title='bbox 761 2698 764 2704; x_wconf 80' lang='grc'><em>,</em></span> <span class='ocrx_word' id='word_1_110' title='bbox 879 2645 1061 2703; x_wconf 92' lang='lat' dir='ltr'>suduculum</span> <span class='ocrx_word' id='word_1_111' title='bbox 1083 2644 1169 2719; x_wconf 83' lang='lat' dir='ltr'>flagri</span> 
     </span>
     <span class='ocr_line' id='line_1_22' title="bbox 320 2753 989 2830; baseline 0.006 -22"><span class='ocrx_word' id='word_1_112' title='bbox 320 2753 516 2830; x_wconf 90' lang='lat' dir='ltr'>compedium</span> <span class='ocrx_word' id='word_1_113' title='bbox 538 2754 634 2822; x_wconf 87' lang='lat' dir='ltr'>tritor,</span> <span class='ocrx_word' id='word_1_114' title='bbox 657 2754 852 2830; x_wconf 86' lang='lat' dir='ltr'>pistrinorum</span> <span class='ocrx_word' id='word_1_115' title='bbox 874 2754 989 2813; x_wconf 83' lang='lat' dir='ltr'>civitas,</span> 
     </span>
    </p>

    <p class='ocr_par' dir='ltr' id='par_1_8' title="bbox 169 2845 1338 3266">
     <span class='ocr_line' id='line_1_23' title="bbox 269 2845 1338 2938; baseline 0.003 -21"><span class='ocrx_word' id='word_1_116' title='bbox 269 2860 303 2918; x_wconf 90' lang='lat' dir='ltr'>In</span> <span class='ocrx_word' id='word_1_117' title='bbox 325 2855 448 2919; x_wconf 82' lang='lat' dir='ltr'>‘latere&#39;</span> <span class='ocrx_word' id='word_1_118' title='bbox 480 2862 570 2937; x_wconf 84' lang='lat' dir='ltr'>igitur</span> <span class='ocrx_word' id='word_1_119' title='bbox 596 2863 721 2921; x_wconf 90' lang='lat' dir='ltr'>verbum</span> <span class='ocrx_word' id='word_1_120' title='bbox 750 2863 851 2920; x_wconf 88' lang='lat' dir='ltr'>inesse</span> <span class='ocrx_word' id='word_1_121' title='bbox 880 2863 983 2921; x_wconf 91' lang='lat' dir='ltr'>iudico</span> <span class='ocrx_word' id='word_1_122' title='bbox 1008 2870 1135 2921; x_wconf 89' lang='lat' dir='ltr'>catenas</span> <span class='ocrx_word' id='word_1_123' title='bbox 1167 2861 1266 2938; x_wconf 87' lang='lat' dir='ltr'>expri-</span> <span class='ocrx_word' id='word_1_124' title='bbox 1336 2845 1338 2848; x_wconf 6' lang='grc' dir='ltr'><em>Α</em></span> 
     </span>
     <span class='ocr_line' id='line_1_24' title="bbox 170 2970 1267 3048; baseline 0.004 -22"><span class='ocrx_word' id='word_1_125' title='bbox 170 2985 273 3026; x_wconf 90' lang='lat' dir='ltr'>mens:</span> <span class='ocrx_word' id='word_1_126' title='bbox 297 2970 412 3028; x_wconf 89' lang='lat' dir='ltr'>nullum</span> <span class='ocrx_word' id='word_1_127' title='bbox 433 2972 520 3048; x_wconf 93' lang='lat' dir='ltr'>quod</span> <span class='ocrx_word' id='word_1_128' title='bbox 540 2973 665 3048; x_wconf 89' lang='lat' dir='ltr'>propius</span> <span class='ocrx_word' id='word_1_129' title='bbox 689 2973 730 3031; x_wconf 92' lang='lat' dir='ltr'>ad</span> <span class='ocrx_word' id='word_1_130' title='bbox 753 2973 895 3031; x_wconf 91' lang='lat' dir='ltr'>codicum</span> <span class='ocrx_word' id='word_1_131' title='bbox 917 2973 1081 3030; x_wconf 89' lang='lat' dir='ltr'>lectionem</span> <span class='ocrx_word' id='word_1_132' title='bbox 1103 2973 1267 3031; x_wconf 86' lang='lat' dir='ltr'>accederet</span> 
     </span>
     <span class='ocr_line' id='line_1_25' title="bbox 169 3065 1267 3159; baseline 0.004 -26"><span class='ocrx_word' id='word_1_133' title='bbox 169 3077 270 3136; x_wconf 88' lang='lat' dir='ltr'>inveni</span> <span class='ocrx_word' id='word_1_134' title='bbox 293 3097 384 3155; x_wconf 89' lang='lat' dir='ltr'>quam</span> <span class='ocrx_word' id='word_1_135' title='bbox 410 3065 554 3142; x_wconf 85' lang='lat' dir='ltr'>‘catulo’.</span> <span class='ocrx_word' id='word_1_136' title='bbox 589 3081 683 3155; x_wconf 90' lang='lat' dir='ltr'>Quod</span> <span class='ocrx_word' id='word_1_137' title='bbox 704 3082 829 3140; x_wconf 88' lang='lat' dir='ltr'>verbum</span> <span class='ocrx_word' id='word_1_138' title='bbox 851 3099 1038 3159; x_wconf 86' lang='lat' dir='ltr'>quamquam</span> <span class='ocrx_word' id='word_1_139' title='bbox 1071 3083 1155 3157; x_wconf 89' lang='lat' dir='ltr'>apud</span> <span class='ocrx_word' id='word_1_140' title='bbox 1178 3081 1267 3139; x_wconf 90' lang='lat' dir='ltr'>Plau·</span> 
     </span>
     <span class='ocr_line' id='line_1_26' title="bbox 171 3189 1117 3266; baseline 0.01 -23"><span class='ocrx_word' id='word_1_141' title='bbox 171 3195 236 3244; x_wconf 90' lang='lat' dir='ltr'>tum</span> <span class='ocrx_word' id='word_1_142' title='bbox 258 3205 321 3245; x_wconf 90' lang='lat' dir='ltr'>non</span> <span class='ocrx_word' id='word_1_143' title='bbox 341 3189 402 3247; x_wconf 89' lang='lat' dir='ltr'>nisi</span> <span class='ocrx_word' id='word_1_144' title='bbox 424 3191 548 3266; x_wconf 89' lang='lat' dir='ltr'>proprio</span> <span class='ocrx_word' id='word_1_145' title='bbox 572 3210 665 3251; x_wconf 90' lang='lat' dir='ltr'>sensu</span> <span class='ocrx_word' id='word_1_146' title='bbox 688 3192 845 3260; x_wconf 90' lang='lat' dir='ltr'>invenitur,</span> <span class='ocrx_word' id='word_1_147' title='bbox 869 3191 907 3253; x_wconf 86' lang='lat' dir='ltr'>cf.</span> <span class='ocrx_word' id='word_1_148' title='bbox 931 3190 1015 3253; x_wconf 90' lang='lat' dir='ltr'>Asin.</span> <span class='ocrx_word' id='word_1_149' title='bbox 1045 3194 1117 3252; x_wconf 83' lang='lat'>184:</span> 
     </span>
    </p>

    <p class='ocr_par' dir='ltr' id='par_1_9' title="bbox 477 3303 968 3470">
     <span class='ocr_line' id='line_1_27' title="bbox 573 3303 968 3379; baseline 0.003 -21"><span class='ocrx_word' id='word_1_150' title='bbox 573 3310 605 3358; x_wconf 91' lang='lat' dir='ltr'>et</span> <span class='ocrx_word' id='word_1_151' title='bbox 626 3320 751 3379; x_wconf 91' lang='lat' dir='ltr'>quoque</span> <span class='ocrx_word' id='word_1_152' title='bbox 774 3303 874 3360; x_wconf 93' lang='lat' dir='ltr'>catulo</span> <span class='ocrx_word' id='word_1_153' title='bbox 898 3319 968 3359; x_wconf 89' lang='lat' dir='ltr'>meo</span> 
     </span>
     <span class='ocr_line' id='line_1_28' title="bbox 477 3410 962 3470; baseline 0.006 -3"><span class='ocrx_word' id='word_1_154' title='bbox 477 3410 692 3470; x_wconf 91' lang='lat' dir='ltr'>subblanditur</span> <span class='ocrx_word' id='word_1_155' title='bbox 713 3428 811 3469; x_wconf 90' lang='lat' dir='ltr'>novos</span> <span class='ocrx_word' id='word_1_156' title='bbox 834 3419 962 3470; x_wconf 88' lang='lat' dir='ltr'>amator.</span> 
     </span>
    </p>

    <p class='ocr_par' dir='ltr' id='par_1_10' title="bbox 270 3517 1131 3596">
     <span class='ocr_line' id='line_1_29' title="bbox 270 3517 1131 3596; baseline 0.005 -21"><span class='ocrx_word' id='word_1_157' title='bbox 270 3517 362 3593; x_wconf 90' lang='lat' dir='ltr'>Epid.</span> <span class='ocrx_word' id='word_1_158' title='bbox 388 3520 462 3579; x_wconf 83' lang='lat'>579:</span> <span class='ocrx_word' id='word_1_159' title='bbox 485 3520 574 3578; x_wconf 90' lang='lat' dir='ltr'>aliter</span> <span class='ocrx_word' id='word_1_160' title='bbox 595 3521 687 3579; x_wconf 88' lang='lat' dir='ltr'>catuli</span> <span class='ocrx_word' id='word_1_161' title='bbox 708 3522 799 3596; x_wconf 87' lang='lat' dir='ltr'>longe</span> <span class='ocrx_word' id='word_1_162' title='bbox 822 3521 917 3590; x_wconf 82' lang='lat' dir='ltr'>olent,</span> <span class='ocrx_word' id='word_1_163' title='bbox 940 3520 1027 3578; x_wconf 87' lang='lat' dir='ltr'>aliter</span> <span class='ocrx_word' id='word_1_164' title='bbox 1051 3539 1131 3579; x_wconf 89' lang='lat' dir='ltr'>sues.</span> 
     </span>
    </p>

    <p class='ocr_par' dir='ltr' id='par_1_11' title="bbox 271 3626 1135 3704">
     <span class='ocr_line' id='line_1_30' title="bbox 271 3626 1135 3704; baseline 0 -20"><span class='ocrx_word' id='word_1_165' title='bbox 271 3626 364 3687; x_wconf 90' lang='lat' dir='ltr'>Truc.</span> <span class='ocrx_word' id='word_1_166' title='bbox 375 3629 452 3686; x_wconf 82' lang='lat'><strong>268:</strong></span> <span class='ocrx_word' id='word_1_167' title='bbox 474 3627 536 3685; x_wconf 94' lang='lat' dir='ltr'>iam</span> <span class='ocrx_word' id='word_1_168' title='bbox 552 3627 653 3685; x_wconf 89' lang='lat' dir='ltr'>hercle</span> <span class='ocrx_word' id='word_1_169' title='bbox 667 3646 726 3704; x_wconf 84' lang='lat' dir='ltr'>ego</span> <span class='ocrx_word' id='word_1_170' title='bbox 739 3628 787 3686; x_wconf 93' lang='lat' dir='ltr'>hic</span> <span class='ocrx_word' id='word_1_171' title='bbox 803 3637 836 3686; x_wconf 92' lang='lat' dir='ltr'>te</span> <span class='ocrx_word' id='word_1_172' title='bbox 846 3627 963 3686; x_wconf 88' lang='lat' dir='ltr'>mulier</span> <span class='ocrx_word' id='word_1_173' title='bbox 981 3627 1069 3703; x_wconf 90' lang='lat' dir='ltr'>quasi</span> <span class='ocrx_word' id='word_1_174' title='bbox 1084 3644 1135 3684; x_wconf 87' lang='lat' dir='ltr'>sus</span> 
     </span>
    </p>

    <p class='ocr_par' dir='ltr' id='par_1_12' title="bbox 169 3738 1264 4032">
     <span class='ocr_line' id='line_1_31' title="bbox 669 3738 1133 3814; baseline -0.004 -18"><span class='ocrx_word' id='word_1_175' title='bbox 669 3738 788 3796; x_wconf 90' lang='lat' dir='ltr'>catulos</span> <span class='ocrx_word' id='word_1_176' title='bbox 810 3738 942 3814; x_wconf 91' lang='lat' dir='ltr'>pedibus</span> <span class='ocrx_word' id='word_1_177' title='bbox 964 3745 1133 3814; x_wconf 82' lang='lat' dir='ltr'>proteram3</span> 
     </span>
     <span class='ocr_line' id='line_1_32' title="bbox 169 3845 1264 3922; baseline 0.005 -20"><span class='ocrx_word' id='word_1_178' title='bbox 169 3854 273 3903; x_wconf 90' lang='lat' dir='ltr'>tamen</span> <span class='ocrx_word' id='word_1_179' title='bbox 303 3846 493 3904; x_wconf 90' lang='lat' dir='ltr'>deminutiva</span> <span class='ocrx_word' id='word_1_180' title='bbox 535 3845 633 3905; x_wconf 87' lang='lat' dir='ltr'>forma</span> <span class='ocrx_word' id='word_1_181' title='bbox 661 3864 754 3905; x_wconf 89' lang='lat' dir='ltr'>sensu</span> <span class='ocrx_word' id='word_1_182' title='bbox 793 3847 917 3922; x_wconf 89' lang='lat' dir='ltr'>ancipiti</span> <span class='ocrx_word' id='word_1_183' title='bbox 944 3846 1070 3905; x_wconf 91' lang='lat' dir='ltr'>Plautus</span> <span class='ocrx_word' id='word_1_184' title='bbox 1106 3848 1205 3906; x_wconf 71' lang='lat' dir='ltr'>&#39;utitur</span> <span class='ocrx_word' id='word_1_185' title='bbox 1226 3848 1264 3908; x_wconf 82' lang='lat' dir='ltr'>cf.</span> 
     </span>
     <span class='ocr_line' id='line_1_33' title="bbox 169 3954 420 4032; baseline 0.008 -19"><span class='ocrx_word' id='word_1_186' title='bbox 169 3954 261 4015; x_wconf 88' lang='lat' dir='ltr'>Stich.</span> <span class='ocrx_word' id='word_1_187' title='bbox 286 3959 348 4016; x_wconf 82' lang='lat'>620</span> <span class='ocrx_word' id='word_1_188' title='bbox 371 3972 420 4032; x_wconf 88' lang='lat' dir='ltr'>sq:</span> 
     </span>
    </p>

    <p class='ocr_par' dir='ltr' id='par_1_13' title="bbox 271 4064 1179 4126">
     <span class='ocr_line' id='line_1_34' title="bbox 271 4064 1179 4126; baseline 0.003 -4"><span class='ocrx_word' id='word_1_189' title='bbox 271 4066 420 4124; x_wconf 89' lang='lat' dir='ltr'>tantillum</span> <span class='ocrx_word' id='word_1_190' title='bbox 441 4064 501 4125; x_wconf 89' lang='lat' dir='ltr'>loci</span> <span class='ocrx_word' id='word_1_191' title='bbox 521 4066 574 4124; x_wconf 92' lang='lat' dir='ltr'>ubi</span> <span class='ocrx_word' id='word_1_192' title='bbox 597 4065 723 4124; x_wconf 91' lang='lat' dir='ltr'>catellus</span> <span class='ocrx_word' id='word_1_193' title='bbox 747 4065 839 4124; x_wconf 89' lang='lat' dir='ltr'>cubet</span> <span class='ocrx_word' id='word_1_194' title='bbox 861 4066 894 4126; x_wconf 94' lang='lat' dir='ltr'>id</span> <span class='ocrx_word' id='word_1_195' title='bbox 916 4067 991 4126; x_wconf 89' lang='lat' dir='ltr'>satis</span> <span class='ocrx_word' id='word_1_196' title='bbox 1015 4066 1072 4124; x_wconf 91' lang='lat' dir='ltr'>erit</span> <span class='ocrx_word' id='word_1_197' title='bbox 1093 4066 1179 4125; x_wconf 88' lang='lat' dir='ltr'>mihi:</span> 
     </span>
    </p>

    <p class='ocr_par' dir='ltr' id='par_1_14' title="bbox 270 4172 1263 4252">
     <span class='ocr_line' id='line_1_35' title="bbox 270 4172 1263 4252; baseline -0.002 -18"><span class='ocrx_word' id='word_1_198' title='bbox 270 4177 406 4235; x_wconf 85' lang='lat' dir='ltr'>exorabo</span> <span class='ocrx_word' id='word_1_199' title='bbox 433 4175 535 4252; x_wconf 86' lang='lat' dir='ltr'>aliquo</span> <span class='ocrx_word' id='word_1_200' title='bbox 557 4177 652 4235; x_wconf 89' lang='lat' dir='ltr'>modo</span> <span class='ocrx_word' id='word_1_201' title='bbox 668 4175 746 4235; x_wconf 87' lang='lat' dir='ltr'>veui.</span> <span class='ocrx_word' id='word_1_202' title='bbox 778 4172 909 4235; x_wconf 82' lang='lat' dir='ltr'>hucine?</span> <span class='ocrx_word' id='word_1_203' title='bbox 930 4177 1023 4236; x_wconf 93' lang='lat' dir='ltr'>immo</span> <span class='ocrx_word' id='word_1_204' title='bbox 1045 4176 1077 4234; x_wconf 92' lang='lat' dir='ltr'>in</span> <span class='ocrx_word' id='word_1_205' title='bbox 1100 4192 1263 4240; x_wconf 79' lang='lat' dir='ltr'>carcerem</span> 
     </span>
    </p>
   </div>
   <div class='ocr_carea' id='block_1_4' title="bbox 0 0 1444 4808">
    <p class='ocr_par' dir='ltr' id='par_1_15' title="bbox 0 0 1444 4808">
     <span class='ocr_line' id='line_1_36' title="bbox 0 0 1444 4808; baseline 0 0"><span class='ocrx_word' id='word_1_206' title='bbox 0 0 1444 4808; x_wconf 95' lang='lat' dir='ltr'> </span> 
     </span>
    </p>
   </div>
  </div>
 </body>
</html>
