2880 4808
701 308 734 359 41

167 501 188 541 a
198 482 307 542 ceteris
319 483 437 557 seiungi
447 500 510 541 non
518 490 631 558 potest.
648 481 758 557 Neque
770 482 883 539 desunt
895 481 971 541 alia:
987 481 1130 539 miramur
1139 481 1265 538 militem

169 600 333 669 postquam
354 592 574 666 Agorastocles
604 592 633 649 ei
660 591 828 667 puellarum
849 600 967 667 patrem
988 608 1057 648 esse
1077 590 1266 647 Hannonem

170 700 339 760 enuntiavit
360 704 443 762 nullo
465 702 558 760 verbo
580 703 786 778 respondere3
823 711 887 759 tum
909 700 1069 758 offensioni
1093 708 1140 757 est
1163 716 1266 757 versus

172 812 223 887 38,
244 811 307 869 sive
328 811 367 868 ab
391 808 594 885 Agorastocle
621 809 741 878 dicitur,
771 808 843 884 quia
873 808 983 866 ceteris
1005 817 1156 885 repugnat
1177 802 1267 886 (cave

173 937 242 977 eum
262 919 412 977 abiecisse
434 919 517 988 velis,
546 936 617 976 nam
640 937 709 976 cum
731 927 881 993 sequente
904 918 1075 993 ceterisque
1101 914 1267 993 cohaeret),

173 1029 235 1087 sive
258 1037 291 1086 ut
312 1028 524 1087 Brachmanno
545 1029 648 1103 placet
669 1047 688 1085 a
707 1027 811 1098 milite,
835 1028 906 1103 quia
929 1035 993 1085 tum
1008 1036 1040 1084 et
1054 1036 1154 1086 totum
1169 1045 1267 1085 enun-

171 1140 280 1198 tiatum
301 1139 381 1196 male
409 1138 559 1197 laceratur
586 1156 644 1197 nec
672 1156 777 1195 versus
808 1139 882 1196 satis
916 1138 1049 1213 quadrat
1078 1156 1147 1196 cum
1166 1156 1192 1194 v.
1217 1139 1267 1197 47.

172 1247 323 1324 Denique,
351 1264 412 1324 quo
440 1256 538 1305 totam
561 1247 773 1322 quaestionem
794 1246 910 1304 absolvi
932 1254 1017 1321 puto,
1039 1246 1157 1303 initium
1179 1246 1268 1303 huius

174 1374 304 1415 scaenae
325 1374 345 1413 a
366 1364 433 1414 toto
456 1365 527 1413 actu
542 1364 590 1413 est
611 1355 752 1415 alienum.
790 1354 919 1430 Nequeo
941 1355 1022 1412 enim
1044 1354 1123 1413 haec
1146 1372 1269 1430 compo·

172 1482 260 1525 nere:
298 1465 424 1523 militem
460 1464 656 1523 furibundum
693 1473 725 1521 et
758 1465 980 1522 conviciantem
1013 1465 1163 1521 accedere
1196 1466 1270 1521 dum

174 1575 390 1651 Agorastocles
423 1575 583 1652 ceterique
610 1575 641 1631 in
668 1575 762 1632 altera
791 1574 964 1649 proscaenii
997 1583 1085 1649 parte
1116 1574 1270 1632 coniuncti

174 1693 254 1755 sunt,
276 1702 314 1743 ac
333 1685 435 1743 subito
458 1684 611 1752 lenonem,
634 1684 675 1740 de
698 1684 784 1741 cuius
812 1684 947 1740 adventu
968 1682 1041 1739 nihil
1057 1682 1269 1757 comperimus,

174 1792 252 1853 clam
274 1811 382 1852 omnes
415 1794 568 1853 accedere
601 1802 633 1851 et
663 1793 873 1868 Agorastoclis
906 1792 1013 1850 audire
1047 1792 1149 1852 verba.
1201 1792 1270 1850 Hoc
1370 1792 1373 1798 '

175 1910 239 1961 tum
260 1904 384 1961 demum
401 1902 579 1978 intellegere
601 1920 735 1979 possem,
768 1903 792 1960 si
827 1911 899 1961 ante
921 1919 1066 1960 scaenam
1087 1900 1115 1957 V
1138 1904 1156 1958 4
1180 1901 1271 1959 inea

175 2013 352 2071 recensione
377 2013 462 2070 cuius
491 2012 568 2068 alter
595 2013 691 2070 exitus
726 2020 775 2069 est
807 2010 946 2068 nonnulli
977 2010 1094 2068 lenonis
1128 2011 1270 2068 adeuntis

175 2138 279 2180 versus
312 2121 493 2189 adfuissent,
527 2119 639 2176 similes
663 2137 688 2179 v.
712 2119 741 2175 V
763 2120 792 2189 6,
818 2121 914 2176 1-4:
947 2128 1013 2177 tum
1035 2120 1105 2177 leno
1127 2121 1158 2177 in
1176 2121 1272 2177 altera

175 2248 305 2289 scaenae
338 2239 427 2307 parte
452 2229 639 2288 Hannonem
658 2246 727 2286 cum
749 2229 815 2286 suis
844 2229 1079 2304 colloquentem,
1113 2248 1151 2286 ex
1176 2231 1272 2288 altera

174 2339 300 2398 militem
323 2340 560 2415 adgredientem
582 2338 709 2395 vidisset
731 2346 826 2412 atque
849 2346 882 2395 ut
906 2355 960 2395 eos
984 2338 1164 2397 observaret
1185 2341 1268 2398 resti·

175 2450 272 2509 tisset.
310 2447 373 2506 Sed
395 2448 453 2507 hoc
474 2466 514 2504 ne
538 2448 689 2506 coniciam
710 2447 771 2504 hoc
796 2448 925 2522 impedit
947 2450 1032 2523 quod
1055 2449 1124 2506 leno
1148 2449 1272 2508 siclam

175 2576 203 2615 v.
225 2558 255 2614 V
275 2560 306 2627 5,
330 2560 368 2617 15
391 2567 508 2633 patrem
539 2558 708 2634 puellarum
739 2558 901 2615 advenisse
925 2559 1133 2633 comperisset.
1189 2560 1272 2617 Tan-

175 2676 241 2725 tum
273 2667 364 2743 igitur
395 2685 450 2742 pro
483 2675 568 2724 certo
597 2686 647 2725 me
680 2668 818 2725 effecisse
851 2678 926 2743 puto
956 2670 1087 2744 priorem
1115 2670 1231 2727 exitum
1252 2688 1271 2726 a

175 2775 285 2834 Plauto
307 2793 376 2834 esse
392 2770 605 2855 proiectum¹)‚
628 2785 737 2852 postea
757 2794 827 2833 cum
842 2777 969 2834 alterurn
989 2777 1104 2834 exitum
1126 2786 1189 2835 tum
1211 2777 1271 2836 alia

173 2886 268 2943 multa
290 2901 360 2941 esse
382 2885 513 2955 adiecta,
536 2884 715 2961 praesertim
736 2883 767 2942 in
790 2902 903 2943 scaena
924 2884 938 2941 Ι
961 2888 1026 2943 tet
1049 2884 1077 2941 V
1099 2887 1128 2946 4.

302 3133 327 3198 l)
346 3132 445 3195 Bergki
473 3139 499 3182 et
521 3132 663 3196 Brugmani
693 3138 874 3195 argumentum
904 3133 974 3183 bene
1002 3133 1125 3183 refutavit
1147 3133 1274 3183 Goetzius

174 3236 226 3281 act.
245 3230 285 3279 VI
302 3227 363 3280 326.
