2880 4808
532 620 672 680 CAPUT
694 621 899 682 TERTIUM.

180 798 299 879 LOCI
324 799 596 874 NONNULLI
621 801 848 875 POENULI
874 801 1255 876 EMENDANTUR.

632 1031 677 1090 111
701 1036 728 1111 5,
751 1035 800 1095 aa.

270 1215 482 1276 Pulcerrimam
507 1217 649 1276 codicum
672 1217 851 1293 scripturam
874 1218 983 1276 misere
1006 1226 1041 1277 ut
1063 1219 1143 1277 solet
1175 1213 1228 1298 (cf.
1251 1222 1265 1279 Ι

169 1328 197 1397 2,
222 1329 272 1386 62.
294 1326 339 1384 III
361 1327 389 1395 1,
412 1324 641 1399 67.1114,19)
663 1327 807 1402 pervertit
822 1325 1013 1403 Geppertus:
1035 1328 1076 1386 illi
1091 1329 1174 1388 enim
1188 1330 1268 1390 haec

167 1437 331 1513 praebent:

318 1563 400 1620 nego
423 1553 455 1602 et
476 1546 620 1620 negando
642 1545 666 1602 si
692 1545 766 1619 quid
788 1545 882 1603 refert
902 1545 1017 1604 raviam
1026 1542 1060 1620 1).

170 1655 262 1728 Quod
288 1673 328 1712 ne
360 1655 392 1712 in
418 1662 537 1712 textum
565 1655 747 1729 recipiamus
779 1672 842 1712 una
876 1654 1021 1730 prohibet
1053 1670 1164 1713 causa:
1199 1675 1269 1731 pro-

169 1767 264 1824 ducta
288 1766 385 1839 prima
410 1764 499 1822 huius
522 1764 605 1822 verbi
632 1763 754 1838 syllaba.
798 1762 878 1821 Nam
902 1764 1011 1839 corripi
1041 1782 1119 1832 eam,
1150 1765 1271 1824 etiamsi

169 1876 200 1933 in
224 1874 329 1932 lexicis
350 1873 461 1931 nostris
476 1890 531 1949 pro
553 1874 645 1947 longa
659 1880 792 1947 putatur.
819 1872 935 1930 docent
955 1873 980 1929 si
1001 1890 1066 1931 non
1082 1873 1269 1933 adiectivum

170 1984 414 2042 rancus-raucus
429 1980 480 2058 (ci.
496 1982 605 2041 avidus
620 1982 885 2051 avidam-audere,
902 1980 1145 2059 cavitio-cautio)
1162 1991 1268 2042 tamen

169 2092 305 2150 nonnulli
328 2093 508 2168 scriptorum
531 2092 590 2149 loci
613 2091 651 2148 cf.
668 2090 768 2147 Plauti
791 2090 898 2165 fragm.
922 2092 1006 2167 apud
1018 2089 1099 2150 Non.
1117 2093 1187 2160 164,
1212 2095 1266 2153 19:

320 2202 509 2278 expurigabo
535 2201 636 2259 bercle
660 2173 764 2259 omnia
787 2202 829 2258 ad
850 2218 974 2260 raucam
996 2201 1090 2258 ravim

170 2312 238 2370 Aul.
263 2314 339 2371 336:
373 2312 425 2370 ubi
456 2311 557 2389 siquid
579 2329 706 2386 poscam
730 2328 828 2386 usque
850 2313 892 2369 ad
914 2311 1007 2369 ravim
1028 2327 1157 2386 poscam
1176 2312 1271 2386 priua,

173 2439 234 2497 quo
256 2423 288 2479 in
310 2407 535 2479 versu‘ravim'
556 2422 587 2478 in
602 2429 742 2497 quartam
757 2407 868 2479 senarii
890 2420 998 2478 sedem
1021 2420 1190 2479 admissum
1211 2429 1268 2496 est,

170 2549 250 2607 quae
271 2549 335 2588 non
358 2530 467 2612 recipit
488 2530 546 2588 nisi
569 2531 700 2589 iambica
722 2530 823 2590 verba.

271 2641 362 2697 Falso
384 2640 477 2714 igitur
499 2640 686 2698 Ribbeckius
709 2639 824 2698 Caecili
848 2659 873 2699 v.
897 2642 938 2699 84
960 2639 1128 2699 constituit.
1158 2639 1270 2716 Itaque

169 2758 275 2808 nostro
298 2750 367 2807 loco
390 2767 451 2806 una
475 2749 574 2807 littera
597 2749 711 2806 inserta
733 2750 900 2807 scribamus
922 2766 978 2824 pro
1001 2749 1086 2807 rauia
1107 2750 1226 2811 raucia:

319 2875 400 2932 nego
422 2867 456 2915 et
476 2860 622 2931 negando
647 2858 672 2915 si
694 2859 770 2934 quid
787 2859 880 2916 refert
901 2859 1046 2927 rauciam,
1135 2902 1139 2909 .

171 2967 208 3028 cf.
242 2967 333 3027 Prisc.
358 2968 375 3028 l.
405 2968 433 3024 X
467 2964 538 3040 (GL
563 2967 591 3023 II
622 2969 693 3035 539,
718 2964 765 3043 1):
799 2961 906 3046 (verba
937 2968 969 3024 in
1003 2968 1051 3025 cio
1079 2967 1268 3042 desinentia)

171 3078 195 3134 si
214 3062 268 3134 ‘n'
289 3095 353 3134 non
374 3076 535 3134 habuerint
555 3070 634 3135 ‘cio'
658 3077 689 3133 in
708 3062 765 3134 ‘si'
785 3084 904 3135 mutata
925 3075 1039 3134 faciunt
1058 3078 1266 3152 praeteritum,

173 3194 207 3243 ut
231 3229 284 3245 ...
307 3185 515 3243 raucio-rausi.
753 3231 757 3239 .

176 3294 246 3360 542,
270 3296 323 3354 27:
343 3287 438 3351 ‘rausi
462 3280 602 3352 rausum'
623 3295 706 3351 unde
729 3293 861 3352 Lucilius
885 3293 974 3366 [XIX
998 3269 1034 3353 1'1
1059 3292 1105 3367 M]

341 3421 470 3462 rausuro
493 3404 626 3478 tragicus
649 3403 700 3479 qui
724 3404 859 3462 carmina
879 3404 981 3479 perdit
1002 3401 1121 3462 Oreste.

171 3513 372 3572 Philoxenus:
395 3514 494 3572 raucit
516 3514 661 3594 βραγχιᾷ.

171 3673 369 3683 —-———-

272 3762 299 3832 1)
321 3764 373 3813 hoc
391 3764 500 3813 verbum
520 3780 534 3814 e
553 3765 675 3814 codicum
701 3764 830 3830 scriptura
849 3762 974 3813 efficitur:
999 3763 1027 3812 in
1045 3763 1071 3812 V
1095 3761 1128 3823 (B
1154 3761 1273 3831 Ritsch.)

170 3864 265 3912 inesta
278 3877 311 3912 m.
322 3859 405 3926 prima
417 3855 489 3910 ‘avia
498 3858 513 3919 ²,
523 3867 578 3909 turn
590 3853 695 3927 ‘ravia'‚
709 3877 803 3927 nempe
816 3859 906 3909 deficit
915 3859 1028 3926 lineola3
1041 3859 1069 3909 in
1078 3859 1103 3908 D
1114 3857 1147 3925 (C
1153 3858 1271 3928 Ritsch.)

171 3960 316 4009 secundum
328 3958 413 4024 Gepp.
427 3960 518 4011 adnot.
530 3952 626 4024 ‘avio'‚
640 3973 672 4007 ex
684 3959 762 4008 Parei
773 3966 859 4008 autem
869 3957 1021 4008 testimonio
1033 3949 1162 4018 ‘raviao’‚
1173 3970 1205 4005 ex
1216 3972 1270 4022 quo

170 4064 272 4107 veteres
296 4056 411 4106 editores
434 4055 645 4106 malefecerunt
668 4056 748 4108 ravio.
765 4051 853 4107 ‘ravio
874 4051 976 4106 ravias‘
995 4054 1104 4105 verbum
1128 4057 1212 4104 exstat
1242 4052 1271 4103 in

171 4155 254 4207 Festo
273 4154 352 4206 Pauli
369 4169 428 4223 pag.
448 4152 510 4216 275,
529 4153 555 4208 4.
