2880 4808
741 299 777 350 at

209 478 431 536 sententiarum
454 477 594 535 ordinem
617 476 729 552 ineptis
754 476 872 534 facetiis
895 476 1111 552 perturbantes
1135 477 1199 536 iure
1221 478 1313 537 uncis

208 587 330 645 inclusit
356 585 514 662 Haspetus
549 617 586 628 -
621 587 662 644 ad
695 586 798 644 locum
830 604 924 663 quam
960 586 1091 646 maxime
1125 586 1313 646 intricatum.

207 698 271 755 lam
294 697 378 754 idem
400 695 560 771 Hasperus
594 715 621 756 v.
646 698 811 756 123—133
835 696 944 754 Plauto
966 697 1120 772 indignos
1143 696 1311 766 iudicavlt;

211 806 358 864 Goetzius
381 805 480 864 acrius
500 805 640 863 incidens
660 812 760 863 totum
781 805 883 863 locum
911 822 930 863 a
951 824 978 865 ν.
1006 807 1065 866 117
1098 822 1196 882 usque
1219 805 1262 863 ad
1281 825 1311 867 v.

210 916 268 976 197
292 915 427 990 spurium
449 910 579 989 duxit1).
611 913 686 972 Mihi
705 916 960 990 proficiscendum
981 915 1103 975 videtur
1123 933 1142 973 a
1162 935 1191 976 v.
1206 914 1311 975 148-

212 1027 273 1086 170
295 1041 372 1100 quos
395 1023 570 1101 Geppertus
599 1025 688 1082 nimis
717 1024 865 1084 violenter
887 1025 1035 1085 tractavit.
1090 1024 1311 1102 Agorastocles

209 1142 374 1210 postquam
394 1134 462 1211 ipse
474 1134 694 1210 Adelphasium
710 1136 875 1210 adgressus
897 1135 1048 1210 repulsam
1065 1134 1130 1192 tulit
1150 1129 1192 1211 (v.
1206 1135 1311 1194 136-

211 1238 284 1319 138)
317 1238 378 1300 iam
400 1240 599 1317 Milphionem
631 1258 752 1301 servom
784 1250 818 1299 ut
851 1243 918 1300 eius
939 1242 1069 1318 gratiam
1089 1259 1143 1301 ero
1164 1242 1310 1302 conciliet

209 1350 398 1411 adhortatur.
451 1350 560 1426 ltaque
593 1358 665 1425 post
694 1370 723 1408 v.
755 1354 814 1412 144
837 1345 957 1421 ‘exora
980 1352 1130 1423 blandire,
1161 1345 1310 1429 expalpa’

209 1478 273 1518 non
295 1460 529 1536 Agorastoclem
551 1461 609 1518 sed
630 1459 831 1535 Milphionem
853 1478 921 1519 cum
944 1460 1047 1538 puella
1083 1461 1217 1538 colloqui
1244 1479 1312 1520 cer·

209 1578 272 1628 tum
303 1577 360 1628 est.
414 1568 530 1627 Versus
565 1570 656 1645 igitur
678 1572 842 1631 147-161
878 1588 948 1630 cum
975 1571 1012 1630 iis
1033 1571 1085 1648 qui
1119 1573 1312 1631 antecedunt

209 1680 353 1755 coniungi
379 1689 545 1756 nequeunt.
583 1679 665 1737 Tum
692 1680 832 1756 duplices
862 1691 1001 1740 servatae
1029 1690 1101 1741 sunt
1131 1681 1310 1759 Milphionis

208 1805 334 1865 preces:
361 1791 526 1850 152-154
546 1798 579 1848 et
595 1792 770 1852 167-167.
803 1791 954 1850 Versuum
976 1792 1008 1850 in
1021 1791 1181 1852 codicibus
1194 1792 1310 1852 nostris

209 1900 348 1958 ordinem
363 1900 517 1959 turbatum
533 1917 603 1958 esse
619 1900 796 1978 Geppertus
818 1902 977 1962 intellexit.
1010 1901 1089 1961 Nam
1110 1919 1179 1962 curn
1190 1904 1311 1979 Agora·

210 2007 322 2066 stocles
335 2025 405 2066 eam
417 2015 534 2065 tantum
547 2008 587 2066 ob
600 2026 722 2067 causam
737 2007 938 2084 Milphionem
951 2010 1100 2086 vituperet
1111 2018 1143 2068 et
1158 2012 1309 2083 verberet,

211 2118 297 2192 quod
317 2134 460 2192 perverse
482 2134 553 2175 cum
572 2117 762 2194 Adelphasio
784 2119 916 2177 oraverit
937 2136 1024 2178 suam
1045 2137 1101 2196 pro
1116 2121 1160 2178 eri
1174 2138 1311 2197 persona

209 2226 352 2295 induens,
375 2245 400 2286 v.
414 2227 579 2288 152-154
603 2230 794 2310 cumv.'168
817 2246 884 2304 sqq,
906 2228 1174 2306 sioutGeppertus
1197 2231 1308 2303 edidit,

211 2352 302 2411 qnam
325 2337 463 2412 proxime
485 2345 557 2395 sunt
579 2338 796 2413 coniungendi.
849 2339 914 2396 Iam
934 2348 1039 2398 autem
1060 2354 1133 2398 num
1156 2340 1223 2417 quis
1246 2339 1308 2400 hoc

211 2448 319 2505 credat
340 2446 419 2505 haec
440 2446 529 2505 verba
544 2448 778 2523 Agorastoclem
793 2450 874 2507 adeo
890 2449 1007 2508 irritare
1022 2457 1056 2508 ut
1071 2466 1191 2508 servom
1205 2444 1306 2527 plagis

210 2564 334 2626 mactet,
376 2556 514 2615 osculum
548 2559 634 2632 quod
663 2557 792 2633 Milphio
826 2559 1016 2635 Adelphasio
1051 2560 1140 2618 dedit
1171 2556 1210 2636 (v.
1246 2561 1308 2620 162

210 2667 326 2724 codicis
364 2666 566 2735 Ambrosiani,
596 2684 698 2742 neque
732 2669 790 2726 alio
811 2669 907 2726 modo
941 2687 967 2729 v.
993 2670 1051 2729 167
1085 2657 1164 2727 ‘sine
1196 2675 1228 2726 te
1249 2667 1312 2728 hoc

211 2760 373 2833 exorarier'
387 2777 474 2851 quod
488 2793 525 2833 ex
548 2777 668 2834 duabus
686 2777 917 2836 recensionibus
933 2777 1110 2854 Geppertus
1125 2786 1210 2836 recte
1232 2795 1308 2836 con·

209 2885 316 2954 stituit,
350 2885 541 2961 interpretari
570 2881 709 2964 possum)
742 2903 812 2945 eum
841 2905 904 2944 non
935 2883 1107 2963 respicere?
1143 2887 1309 2945 Praeterea

208 3012 280 3052 num
314 2995 381 3070 quis
419 2995 515 3071 finget
547 2995 747 3071 Milphionem
784 2997 913 3071 primum
943 2997 1133 3074 Adelphasio
1171 2997 1309 3056 osculum

209 3104 344 3174 dedisse,
373 3112 438 3162 tum
460 3105 560 3163 verbis
589 3124 659 3163 eam
681 3102 820 3164 adulari?
856 3107 958 3165 Etiam
984 3107 1037 3184 qui
1064 3115 1181 3166 restant
1202 3122 1308 3164 versus

210 3212 373 3271 maximam
395 3212 619 3273 dubitationem
644 3222 787 3271 movent:
824 3214 990 3274 157-159
1017 3223 1049 3273 et
1076 3217 1137 3275 164
1159 3233 1226 3293 sqq.
1270 3215 1308 3274 In

206 3322 263 3379 illis
291 3321 418 3398 Milphio
451 3325 601 3400 promittit
624 3323 858 3400 Agorastoclem
889 3324 1018 3384 amicam
1048 3325 1144 3384 civem
1173 3325 1308 3384 Atticam

213 3431 363 3490 iacturum
385 3449 466 3501 esse,
489 3451 556 3491 cum
578 3432 683 3493 fabula
705 3442 812 3491 nostra
833 3431 995 3510 Calydone
1016 3442 1125 3511 agatur
1147 3431 1198 3511 (ci.
1214 3435 1308 3493 Reiu-

212 3542 311 3604 hardt.
334 3543 367 3599 in
389 3542 478 3602 Stud.
500 3544 582 3602 stud.
606 3543 620 3600 I
642 3561 673 3618 p.
697 3545 766 3616 109,
796 3544 849 3621 qui
870 3562 909 3601 ex
937 3543 997 3603 hoc
1017 3545 1087 3602 loco
1109 3551 1308 3603 retractatam

211 3669 281 3711 esse
308 3652 442 3711 fabulam
469 3647 605 3728 conicit),
640 3661 801 3728 praeterea
831 3654 872 3712 illi
899 3672 1015 3723 versus,
1049 3672 1117 3713 cum
1149 3663 1182 3713 ut
1215 3671 1308 3729 supra

211 3762 341 3837 exposui
363 3780 389 3822 v.
413 3763 576 3822 147-149
602 3762 644 3821 ad
659 3763 891 3839 Agorastoclem
907 3764 981 3822 dicti
1003 3764 1035 3822 in
1051 3771 1190 3822 nostrum
1205 3764 1308 3822 locum

212 3888 275 3947 quo
301 3889 406 3930 servos
428 3872 649 3948 Adelphasium
672 3873 845 3951 alloquitur,
867 3893 929 3933 non
952 3875 1115 3951 quadrent,
1138 3891 1207 3933 cum
1221 3872 1329 3932 nullo·

306 4113 332 4180 l)
350 4129 435 4180 nuper
453 4113 525 4165 idem
547 4115 646 4166 maiore
665 4115 825 4168 confidentia
844 4112 982 4167 affirmavit
1011 4115 1044 4167 ci.
1064 4113 1119 4166 ind.
1140 4112 1224 4166 schol.
1242 4112 1304 4165 len.

208 4208 331 4278 recalet,
350 4225 410 4277 pag.
431 4209 457 4262 4.
