2880 4808
710 295 743 353 lli

175 487 208 537 et
222 498 249 541 v.
263 477 293 534 V
306 481 336 546 2,
350 481 407 539 27:
428 465 500 553 ‘qui
517 478 589 536 illim
611 479 754 535 sexennis
777 476 918 552 perierim
929 455 1141 551 Carthagine'.
1167 472 1280 552 ‚Atque
1391 543 1395 553 ι

174 607 215 647 ne
238 597 338 646 mutes
361 588 420 646 hoc
437 588 562 645 verbum
585 605 622 646 ea
641 605 690 645 res
713 586 866 662 prohibet,
889 587 975 662 quod
990 587 1042 661 qui
1064 593 1279 660 argumentum

175 697 378 757 acrostichum
400 697 583 772 composuit,
605 696 636 753 in
659 703 765 753 nostro
791 695 920 771 prologo
942 694 1022 752 hunc
1044 712 1164 753 versum
1193 694 1277 769 legit,

175 809 244 865 vide
267 827 293 868 v.
318 810 353 867 1:

381 932 458 991 puer
478 914 658 990 septuennis
683 913 841 989 surripitur
864 894 1058 988 Carthagine.

274 1025 440 1084 Praeterea
462 1042 568 1082 senem
596 1024 678 1082 illum
700 1041 798 1098 puero
833 1030 973 1098 surrepto
1001 1021 1110 1080 morbo
1131 1021 1278 1081 affectum

175 1153 244 1193 esse
279 1135 331 1210 qui
361 1141 434 1209 post
479 1151 532 1190 sex
566 1148 666 1192 annos
699 1149 770 1190 eum
803 1139 1001 1189 consumeret
1031 1131 1098 1207 quis
1132 1148 1279 1207 umquam

175 1240 300 1303 credet?
350 1243 436 1315 Quas
463 1241 593 1317 ineptias
619 1239 890 1298 Menaechmorum
919 1239 1038 1315 prologi
1071 1248 1166 1315 poeta
1195 1241 1280 1316 quis·

175 1355 243 1430 quis
267 1353 323 1410 fuit
346 1353 471 1410 feliciter
493 1351 628 1420 evitavit,
652 1350 690 1410 cf.
713 1368 740 1409 v.
768 1353 803 1411 15

696 1478 796 1536 eaque
818 1460 842 1517 is
863 1459 1056 1534 aegritudine

373 1571 479 1648 paucis
503 1570 612 1628 diebus
632 1579 703 1645 post
726 1569 854 1628 Tarenti
877 1577 1057 1629 emortuost.

276 1683 405 1763 Etiamsi
418 1683 509 1756 igitur
520 1681 660 1738 dolemus
676 1681 761 1756 quod
776 1698 879 1738 verum
894 1681 1124 1755 genuinamque
1138 1677 1280 1737 Plautum

29 1870 32 1876 Ι
175 1795 258 1852 nullo
281 1794 349 1851 loco
366 1791 635 1867 deprehendimus,
657 1799 762 1848 tamen
778 1789 857 1847 haec
876 1807 930 1866 pro
947 1799 1032 1849 certo
1055 1787 1171 1846 eruisse
1186 1787 1279 1845 nobis

79 1886 82 1891 ’
176 1903 328 1959 videmur:
372 1899 455 1975 prior
489 1915 561 1974 pars
606 1898 691 1955 cuius
733 1897 847 1972 duplex
892 1896 1032 1954 recensio
1054 1905 1165 1969 exstat,
1207 1906 1281 1973 post

176 2020 344 2070 extremam
367 2002 399 2086 (a
421 2027 447 2067 v.
470 2003 525 2084 49)
550 2008 671 2065 adiecta
694 1988 753 2077 est;
776 2007 828 2083 qui
855 2007 1052 2064 intercedunt
1076 2024 1181 2064 versus
1202 2023 1280 2064 con·

177 2117 278 2193 quisiti
301 2124 372 2173 sunt
394 2132 432 2171 ex
453 2115 518 2172 aliis
543 2113 662 2182 fabulis,
688 2115 780 2189 pauci
803 2113 933 2172 fortasse
956 2133 994 2172 ex
1016 2115 1140 2192 ingenio
1160 2122 1278 2191 poetae

177 2226 321 2292 adiuncti,
359 2225 592 2299 grammaticum
621 2241 693 2280 vero
725 2223 798 2281 nulli
829 2224 967 2282 indicant
974 2239 981 2292 ;
1022 2241 1093 2298 pars
1127 2222 1281 2299 posterior
1337 2202 1342 2211 ¹

177 2353 273 2412 usque
306 2336 347 2392 ad
370 2352 396 2393 ν.
421 2336 480 2393 118
508 2333 743 2390 vetustissimam
778 2334 914 2391 ostendit
946 2333 1171 2393 recensionem:
1203 2350 1280 2391 num

178 2445 286 2512 Plauti,
321 2445 488 2501 admodum
521 2443 662 2512 dubium;
702 2443 830 2501 extremi
863 2461 967 2501 versus
1004 2443 1113 2501 iterum
1146 2443 1281 2502 duarum

177 2554 388 2611 recensionum
415 2553 542 2626 vestigia
568 2569 641 2627 prae
671 2570 705 2609 se
728 2553 836 2612 lerunt.
890 2553 926 2610 In
948 2560 1016 2609 toto
1037 2552 1129 2627 igitur
1147 2551 1281 2628 prologo

177 2664 331 2720 minimum
354 2661 442 2719 trium
465 2660 618 2717 actionum
639 2661 751 2718 indicia
774 2670 844 2719 sunt
866 2662 1076 2736 agnoscenda.

488 3260 491 3267 ’
536 3270 677 3330 CAPUT
701 3271 916 3332 ALTERUM.

178 3425 250 3497 DE
280 3423 507 3500 POENULI
537 3426 980 3502 RETRACTATIONE
1011 3425 1078 3499 ET
1103 3423 1280 3497 INTER-

571 3560 882 3636 POLATIONE.

278 3764 470 3825 Liceat·uno
491 3768 593 3844 capite
612 3768 668 3827 has
691 3770 768 3830 duas
784 3767 983 3846 quaestiones
1003 3765 1278 3842 comprehendere,

178 3882 210 3931 et
235 3883 269 3933 ut
291 3876 460 3951 disputatio
489 3880 661 3936 secundum
683 3896 864 3937 scaenarum
893 3879 1031 3937 ordinem
1052 3875 1212 3952 procedat,
1245 3885 1280 3934 et

179 3984 333 4059 quianon
355 4002 476 4060 semper
497 4003 553 4060 pro
578 3994 663 4043 certo
686 3987 846 4044 diiudicari
866 3994 980 4062 potest,
1004 3986 1063 4045 utri
1083 3985 1189 4061 generi
1211 4002 1279 4043 cor·

178 4094 312 4169 ruptelas
335 4095 457 4154 tribuas.
509 4093 557 4151 De
580 4095 719 4153 omnibus
739 4104 842 4154 autem
864 4095 1048 4171 quicumque
1073 4095 1134 4153 iam
1155 4095 1279 4153 tractati

178 4211 248 4260 sunt
260 4202 334 4261 locis
346 4222 395 4260 me
408 4220 471 4261 non
486 4222 555 4262 esse
568 4205 795 4281 disputaturum
816 4205 908 4263 scito:
923 4222 978 4263 eos
993 4213 1113 4264 tantum
1128 4204 1279 4278 attingam
