2880 4808
701 318 735 376 36

167 510 304 574 possum.
339 494 423 568 Quid
438 495 523 572 quod
538 494 606 571 ipsa
621 495 714 553 verba
729 495 1014 572 interpolationibus
1036 504 1108 555 sunt
1121 493 1273 557 foedata?

168 605 283 665 Confer
302 622 419 683 quaeso
441 605 498 663 hos
525 620 569 665 v.:

230 719 268 776 41
294 716 352 790 Ag.
374 715 427 792 qui
444 715 524 772 bene
548 713 611 771 volt
632 715 718 772 vobis
743 714 847 773 facere

232 829 271 885 46
297 826 354 900 Ag.
374 826 468 883 multa
489 826 572 883 bona
594 826 657 882 volt
679 824 766 883 vobis
789 825 902 886 iacere.

229 936 270 995 42
293 935 352 1011 Ag.
375 935 490 994 amicus
513 934 598 993 vobis

230 1047 271 1105 45
295 1045 351 1120 Ag.
375 1046 527 1121 siquidem
542 1045 704 1104 amicitiast
721 1044 867 1103 habenda
884 1063 954 1103 cum
969 1044 1028 1103 hoc
1043 1045 1226 1108 habendast.

170 1153 333 1212 Praeterea
356 1156 448 1213 etiam
470 1174 496 1216 v.
520 1156 558 1214 51
584 1163 616 1212 et
638 1156 678 1214 52

375 1273 409 1322 ut
430 1265 542 1341 pudice
565 1265 658 1322 verba
681 1264 753 1322 fecit

378 1383 411 1432 ut
432 1377 575 1433 modeste
600 1376 771 1433 orationem
792 1376 932 1451 praebuit

167 1495 231 1544 tam
253 1486 337 1542 brevi
359 1486 517 1543 intervallo
539 1485 618 1542 iuter
639 1503 672 1542 se
696 1486 843 1560 consequi
865 1485 964 1543 minus
985 1486 1095 1561 placet.

269 1595 332 1653 Sed
353 1596 583 1669 progrediamur
613 1595 653 1650 ad
687 1603 850 1669 sequentes
884 1613 1002 1655 versus:
1047 1596 1170 1671 quinam
1208 1595 1271 1654 hoc

168 1704 434 1780 interpretabimur
455 1701 494 1778 (v.
518 1699 587 1780 53):

377 1805 452 1869 ‘sed
476 1821 509 1870 ut
532 1823 600 1871 astu
624 1831 691 1871 sum
714 1815 878 1888 adgressus
902 1815 943 1871 ad
965 1809 1056 1872 eas'?

170 1934 252 1982 certe
282 1924 313 1980 in
344 1923 482 1979 versibus
516 1923 555 1979 47
590 1930 622 1978 et
646 1925 685 1980 48
716 1923 821 1980 nescio
844 1942 905 2000 qua
939 1932 1026 1999 parte
1060 1924 1175 1982 astutia
1205 1924 1270 1983 ulla

170 2041 319 2093 cernatur.
372 2033 435 2089 Sed
457 2032 523 2106 ipse
545 2030 658 2089 Hanno
683 2050 708 2091 v.
733 2041 897 2107 sequente:
918 2024 1031 2108 ‘pergo
1055 2034 1148 2091 etiam
1169 2041 1271 2111 temp·

169 2127 263 2199 tare'?
283 2142 362 2199 clare
377 2141 466 2198 nobis
482 2141 619 2198 ostendit
632 2142 709 2199 alios
725 2142 860 2217 praeisse
876 2160 979 2200 versus
996 2143 1104 2217 quibus
1127 2143 1268 2200 mulieres

169 2250 229 2307 iam
251 2259 317 2307 erat
340 2250 505 2323 adgressus
529 2258 561 2306 et
591 2250 831 2323 perturbaverat,
858 2268 935 2326 quos
964 2252 995 2309 in
1027 2259 1133 2310 nostra
1164 2250 1270 2311 fabula

170 2360 280 2418 frustra
303 2377 441 2435 quaeres
480 2359 587 2434 Neque
609 2360 707 2435 magis
729 2378 755 2418 v.
779 2362 819 2419 54
842 2361 933 2419 finem
952 2350 1003 2420 ‘in
1024 2378 1124 2437 pauca
1146 2361 1270 2420 confer:

170 2469 274 2525 sitiunt
286 2467 337 2544 qui
359 2466 407 2524 hic
429 2451 557 2523 sedent’
579 2466 604 2523 si
625 2474 672 2524 tot
693 2475 837 2525 secuntur
847 2485 951 2525 versus
974 2468 1141 2526 toleramus
1161 2463 1270 2544 (quem

171 2593 291 2633 versum
310 2593 372 2632 non
384 2583 456 2631 ante
468 2593 581 2632 annum
603 2591 633 2632 u.
650 2577 712 2635 608
736 2568 940 2651 compositum
962 2593 1032 2634 esse
1053 2561 1186 2634 ‘sedere'
1201 2595 1270 2635 ver·

170 2686 242 2744 bum
265 2687 456 2743 demonstrat
477 2689 517 2744 de
533 2687 675 2743 omnibus
697 2687 923 2762 spectatoribus
946 2684 1085 2762 dictum).
1116 2687 1179 2745 Res
1200 2688 1271 2764 ipsa

171 2797 250 2853 redit
271 2815 298 2855 v.
318 2797 373 2855 78:
397 2797 471 2854 satis
493 2797 553 2853 iam
576 2804 647 2853 sunt
669 2806 853 2855 maceratae.
893 2795 956 2855 Sed
978 2806 1109 2873 peccata
1130 2798 1270 2856 nondum

172 2904 275 2962 omnia
297 2911 368 2960 sunt
384 2912 571 2965 enumerata.
607 2903 643 2961 In
666 2905 865 2980 sequentibus
881 2905 1017 2962 versibus
1040 2905 1169 2963 offendit
1184 2906 1271 2980 quod

172 3012 393 3087 Adelphasium
417 3029 602 3088 quamquam
622 3011 737 3070 Hanno
760 3021 792 3070 et
819 3013 916 3088 ipsam
940 3021 970 3069 et
1004 3031 1138 3072 sororem
1163 3014 1195 3071 in
1222 3015 1270 3073 ius

172 3122 300 3191 vocavit,
324 3139 508 3197 quamquam
524 3122 743 3196 Agorastocles
765 3122 922 3180 Hannone
944 3132 1100 3181 annuente
1124 3141 1192 3181 eam
1216 3143 1271 3201 ap·

173 3230 344 3305 prehendit,
371 3230 444 3287 nihil
466 3232 550 3288 aliud
572 3232 646 3289 dicit
669 3233 743 3291 nisi:
764 3220 821 3290 ‘an
844 3240 969 3307 patruos
992 3241 1040 3290 est
1052 3233 1272 3308 Agorastocles

172 3349 242 3398 tuos
265 3326 349 3398 hic'?

273 3450 413 3507 Similiter
446 3450 636 3525 exspectatio
670 3458 774 3508 nostra
807 3449 917 3508 fallitur
948 3468 974 3512 v.
999 3453 1055 3510 58:
1086 3452 1142 3526 Ag.
1170 3440 1273 3512 ‘nunc

172 3560 224 3634 pol
246 3578 305 3634 ego
329 3569 358 3616 te
381 3561 510 3618 ulciscar
531 3546 642 3635 probe'
664 3591 706 3601 -
729 3561 796 3636 quis
818 3578 881 3618 non
905 3560 1064 3621 subaudit:
1096 3561 1168 3637 quia
1189 3580 1273 3621 nunc

173 3677 205 3725 te
226 3670 322 3744 probe
346 3666 567 3727 cruciabimus?
599 3679 630 3728 at
654 3671 862 3728 continuatur:
893 3658 977 3728 ‘nam
1004 3670 1075 3728 faxo
1107 3670 1167 3729 eris
1199 3689 1272 3730 meo

173 3764 307 3855 sponsa'.
346 3778 423 3836 Mira
446 3787 528 3836 certe
551 3780 634 3839 ulti0.

272 3907 299 3948 v.
315 3889 353 3946 60
370 3906 476 3946 omnes
500 3889 624 3947 codices
639 3889 832 3962 Agorastocli
856 3890 941 3958 dant,
964 3897 1058 3964 atque
1081 3889 1184 3948 favent
1198 3889 1272 3948 huic

173 3997 215 4055 rei
240 3997 347 4074 quibus
381 3999 481 4076 verbis
508 3998 725 4074 Agorastocles
758 3999 941 4074 syllabarum
975 4007 1128 4056 concentu
1159 3998 1272 4058 ludens

172 4108 282 4182 pergit:
307 4114 405 4182 postea
434 4107 515 4164 hanc
544 4109 654 4166 amabo
683 4118 775 4183 atque
798 4109 996 4184 amplexabo:
1030 4107 1160 4184 primum
1181 4109 1274 4183 igitur

173 4216 360 4275 Hannonem
382 4218 529 4275 antestari
551 4225 613 4275 tum
635 4219 766 4276 amicam
785 4218 949 4294 amplexari
971 4219 1042 4278 volt.
1095 4217 1273 4291 Quamnam
