2880 4808
536 711 639 786 Vita
663 710 892 808 scriptoris,

267 1063 365 1122 Natus
400 1082 467 1122 sum
502 1064 627 1124 Carolus
661 1064 796 1124 Schueth
829 1065 882 1124 die
914 1064 990 1122 XVI
1021 1065 1134 1122 mensis
1171 1063 1267 1122 Octo-

167 1174 228 1231 bris
254 1190 282 1233 a.
314 1173 342 1233 lr.
381 1191 404 1234 S.
442 1173 516 1231 LXI
551 1174 688 1243 Bonuae,
727 1181 814 1250 patre
856 1173 1022 1233 Francisco
1060 1173 1135 1232 Iulio
1174 1191 1266 1248 quem
1343 1174 1349 1185 ⁴

168 1283 286 1358 lugubri
309 1282 373 1341 lato
388 1283 449 1340 iam
468 1301 565 1358 puero
582 1292 721 1358 ereptum
745 1300 815 1341 esse
828 1282 1026 1363 vehementer
1042 1282 1145 1351 doleo,
1167 1291 1266 1340 matre

168 1390 333 1450 Catharina
348 1409 365 1446 e
380 1401 474 1467 gente
488 1391 728 1467 Schoeuenberg
743 1391 847 1450 adhuc
863 1392 1036 1468 superstite.
1070 1368 1181 1450 Fidem
1195 1409 1267 1467 pro-

168 1500 453 1560 fiteorcatholicam.
470 1500 656 1559 Litterarum
666 1502 825 1559 elementis
834 1501 969 1559 imbutus
980 1518 1062 1558 auno
1069 1499 1174 1558 LXXI
1181 1518 1266 1576 gym-

168 1611 287 1669 nasium
308 1612 426 1685 patriae
448 1610 512 1668 adii
533 1620 598 1668 tum
618 1579 780 1687 Iosepho
802 1611 952 1669 Kleinio
981 1629 1064 1669 nnnc
1086 1610 1267 1686 Augusto

170 1720 391 1797 Waldeyero
428 1722 580 1779 directore
617 1721 740 1790 floreus,
777 1721 809 1778 in
842 1739 904 1798 quo
938 1738 1006 1778 cum
1040 1720 1168 1778 aliorum
1201 1728 1267 1778 tum

168 1829 261 1906 Buysi
271 1839 304 1887 et
316 1830 441 1888 Gieseni
456 1831 580 1906 egregia
592 1848 665 1888 usus
680 1848 748 1888 sum
760 1830 932 1906 disciplina.
955 1830 1037 1891 Vere
1051 1830 1123 1888 anni
1135 1829 1267 1887 LXXIX

168 1940 344 1998 testimonio
359 1939 541 1997 maturitatis
563 1940 729 1997 instructus
751 1940 831 1997 inter
852 1939 952 1998 almae
973 1947 1098 1997 nostrae
1112 1956 1268 1997 musarum

168 2051 250 2107 sedis
274 2051 354 2106 cives
377 2050 548 2125 adscriptus
576 2066 653 2118 sum,
684 2049 769 2107 cuins
796 2048 958 2125 disciplina
986 2067 1083 2125 usque
1114 2050 1156 2107 ad
1185 2049 1269 2107 hunc

168 2160 250 2216 diem
272 2159 329 2216 lrui
343 2157 415 2215 mihi
437 2158 530 2218 licuit.
566 2157 747 2217 Docuerunt
763 2147 813 2216 me
829 2159 882 2216 viri
901 2158 1069 2218 clarissumi
1091 2158 1267 2235 Bernays,

166 2267 359 2341 Bischofs‚
413 2268 642 2338 Buecheler,
677 2270 739 2335 ,R.
784 2267 945 2335 Kekule,
996 2268 1123 2338 Klein,
1176 2268 1267 2338 Len,

169 2378 374 2445 Luebbert,
405 2376 744 2447 Maurenbrecher,
774 2375 808 2438 C.
830 2377 990 2448 Menael,
1018 2376 1041 2438 Ι.
1064 2377 1099 2438 Β.
1124 2376 1268 2467 Meyer,

171 2485 369 2555 Schaefer,
392 2486 546 2546 Vsener.
582 2487 750 2563 Postquam
768 2487 801 2544 in
815 2488 1035 2563 proseminario
1051 2488 1135 2562 quod
1158 2488 1269 2546 dicitur

170 2591 353 2669 philologico
380 2610 435 2666 per
463 2594 525 2649 duo
552 2593 733 2650 semenstria
759 2591 866 2650 Leone
894 2603 1097 2670 praeceptore
1124 2597 1269 2671 antiquos

169 2703 296 2760 tractavi
325 2702 497 2777 scriptores,
530 2710 563 2759 ut
592 2702 624 2759 in
656 2703 852 2760 seminarium
879 2705 1031 2779 reciperer
1058 2705 1188 2782 eiusque
1214 2725 1271 2782 per

169 2811 225 2869 tria
272 2811 452 2868 semenstria
499 2804 623 2869 sodalis*
660 2829 761 2868 essem
803 2813 974 2872 ordinarius
1024 2813 1270 2884 Buecheleri,

117 2944 121 2953 ·
169 2918 388 2990 Luebberti,
410 2919 570 2977 Vseneri
592 2919 739 2995 singulari
754 2938 827 2996 erga
848 2939 898 2980 me
918 2923 1136 2982 benevolentia
1151 2924 1268 2982 factum

169 3037 225 3090 est.
275 3031 442 3088 Seminario
464 3031 608 3089 historico
639 3031 766 3089 comiter
786 3050 836 3090 me
858 3033 1049 3091 admiserunt
1071 3031 1105 3094 C.
1121 3032 1269 3092 Menzel

169 3149 202 3196 et
224 3139 368 3198 Schaef
372 3159 428 3210 er,
451 3158 506 3215 per
521 3158 615 3199 uuum
629 3140 688 3209 ille,
712 3140 760 3198 lric
773 3159 828 3216 per
840 3141 903 3199 duo
920 3142 1110 3202 semenstria.
1148 3143 1270 3216 Quibus

170 3250 237 3306 viris
270 3251 410 3308 omnibus
443 3251 558 3326 optime
591 3252 632 3308 de
670 3268 720 3307 me
748 3251 863 3308 meritis
894 3268 1028 3309 summas
1060 3270 1119 3327 ago
1155 3254 1269 3327 gratias

170 3377 351 3434 semperque
369 3377 468 3434 agam.
493 3359 661 3434 Praecipue
676 3377 748 3417 vero
764 3359 1053 3430 Buechelerum,
1082 3360 1270 3419 Luebber·

171 3476 259 3538 tum,
282 3469 484 3528 Vsenernm
506 3478 593 3544 grata
616 3486 738 3544 semper
758 3472 857 3527 colam
879 3471 1034 3530 memoria.
