2880 4808
553 846 707 916 ‘CAPUT
731 856 904 916 PRIMUM.

406 1005 500 1083 oe
527 1002 753 1077 Poenum
779 1002 1043 1090 prouoco.

290 1176 417 1234 Poenuli
437 1176 605 1254 prologum,
627 1185 791 1252 postquam
813 1177 999 1234 Ritschelius
1021 1177 1052 1234 in
1073 1177 1208 1253 parergis
1233 1195 1287 1234 eos

119 1298 122 1302 ⁴
191 1304 292 1344 versus
305 1286 412 1368 quibus
428 1284 579 1371 'subsellia'
589 1282 699 1344 theatri
715 1263 1161 1344 commemoranturPlautinae
1176 1286 1287 1343 aetatis

189 1413 252 1452 non
274 1413 342 1453 esse
365 1395 534 1454 luculenter
557 1397 786 1465 demonstravit,
820 1415 902 1454 nunc
931 1414 1039 1454 omnes
1063 1395 1116 1453 viri
1139 1380 1224 1453 docti
1247 1396 1287 1453 ad

191 1504 290 1561 Plauti
312 1502 529 1561 aetatem'non
552 1505 700 1562 recedere
726 1505 932 1563 consentiunt.
977 1503 1070 1563 Pauci
1093 1505 1215 1562 fuerunt
1236 1504 1286 1580 qui

190 1613 360 1670 accuratius
376 1611 510 1687 singulas
532 1613 597 1670 eius
621 1621 723 1689 partes
746 1614 971 1671 examinarent:
995 1615 1208 1690 quaestionem
1223 1632 1286 1671 nou

189 1721 276 1778 nimis
307 1721 368 1778 acri
390 1721 491 1778 studio
521 1729 682 1779 tractatam
704 1740 722 1777 a
745 1721 882 1797 Liebigio
906 1719 959 1798 (de
981 1722 1115 1799 prologis
1140 1722 1286 1779 Plautinis

190 1838 222 1887 et
245 1829 452 1902 Terentianis)
475 1815 598 1888 felicius
611 1831 702 1888 subiit
723 1829 882 1907 Hasperus
905 1827 958 1906 (de
980 1829 1106 1888 Poenuli
1127 1831 1287 1890 Plautinae

191 1939 302 2014 duplici
331 1913 411 1996 exitu
436 1958 506 2015 pag.
529 1933 599 2018 28);
632 1958 731 2016 pauca
765 1941 902 1998 adiunxit
935 1941 971 2000 O.
994 1940 1159 2016 Seyffertus
1194 1936 1285 2015 (stud.

190 2047 285 2109 Plaut.
312 2067 341 2124 p.
368 2044 427 2120 11).
470 2042 579 2123 Itaque
608 2049 668 2106 iarn
695 2067 785 2124 quam
812 2047 842 2106 hi
870 2050 923 2106 viri
949 2051 1032 2107 docti
1058 2049 1186 2125 ingressi
1216 2061 1288 2107 suut

190 2157 269 2214 viam
291 2158 444 2232 persecuti
465 2165 564 2215 totum
579 2159 737 2233 prologum
751 2167 984 2237 pertractemus,
1007 2176 1076 2216 cum
1098 2159 1170 2216 inde
1193 2159 1286 2235 ipsius

191 2284 312 2341 quoque
344 2265 466 2323 fabulae
504 2266 719 2324 condicionem
751 2284 809 2324 nos
842 2265 949 2324 melius
983 2266 1190 2324 intellecturos
1223 2267 1287 2324 fore

190 2393 260 2451 spes
287 2376 334 2432 sit.

290 2484 393 2559 Atque
419 2485 547 2560 primum
579 2484 740 2559 prologum
767 2482 857 2544 hunc.
872 2503 890 2540 e
913 2485 1032 2543 duabus
1063 2485 1200 2560 partibus
1233 2503 1288 2560 per

190 2613 216 2654 v.
240 2595 364 2654 46-58
396 2595 499 2652 leviter
521 2596 600 2652 inter
631 2613 664 2652 se
695 2595 819 2653 conexis
842 2603 984 2653 constare
1007 2595 1162 2652 neminem
1183 2603 1287 2672 potest

191 2704 311 2779 lugere:
325 2721 452 2778 quarum
464 2705 614 2779 posterior
626 2706 798 2779 argumenti
810 2704 1035 2763 enarrationem
1048 2706 1193 2775 continet,
1206 2705 1288 2780 prior

190 2814 292 2870 edicta
314 2814 468 2887 quaedam
489 2813 670 2871 histrionum
693 2815 817 2873 domini.
859 2814 923 2871 Iam
951 2814 1037 2871 initio
1068 2815 1287 2872 sententiarum

190 2941 284 2980 nexus
301 2922 411 2979 misere
434 2930 593 2996 corruptus
610 2930 656 2978 est
678 2942 704 2983 v.
718 2923 827 3007 5--10Ι
839 2922 965 2991 iniectis,
990 2939 1067 2997 quos
1090 2923 1119 2978 ei
1141 2922 1286 2997 locoque

188 3034 220 3090 in
243 3033 399 3092 codicibus
423 3033 525 3089 traditi
549 3040 620 3089 sunt
635 3041 724 3108 aptos
746 3050 809 3089 non
831 3050 899 3089 esse
915 3039 999 3088 recte
1014 3031 1088 3088 vidit
1101 3029 1285 3106 Geppertus,

103 3148 106 3155 '
167 3162 246 3200 ¹nec
278 3144 397 3217 ipsein
420 3162 523 3199 verum
552 3143 692 3202 restituit.
736 3140 815 3197 Nam
836 3151 909 3216 post
930 3160 957 3197 v.
983 3142 1020 3200 16
1039 3129 1158 3196 ‘edicta
1180 3148 1213 3196 ut
1225 3157 1287 3196 ser·

131 3299 134 3304 .
189 3250 266 3306 vetis
287 3244 367 3306 mea'
399 3269 468 3308 cum
490 3252 557 3325 ipsa
586 3250 689 3307 edicta
711 3249 880 3305 enumerari
910 3255 1062 3323 oporteat,
1092 3242 1166 3323 ‘que'
1194 3250 1286 3324 parti·

145 3345 148 3352 Α
190 3359 277 3417 culae
299 3360 329 3416 in
350 3361 447 3434 primo
472 3360 643 3416 edictorum
666 3375 753 3415 versu
771 3375 834 3413 nou
857 3365 904 3414 est
918 3357 1012 3416 locus.
1043 3357 1151 3433 Itaque
1167 3361 1286 3417 omissis

189 3466 342 3546 paulisper
367 3470 413 3528 his
447 3469 584 3526 versibus
618 3468 837 3526 sententiarum
866 3467 1006 3524 ordinem
1036 3468 1286 3544 contemplemur.

190 3577 337 3652 Prologus
370 3579 486 3635 initium
520 3579 602 3653 capit
631 3596 649 3634 a
678 3576 815 3634 versibus
852 3577 1016 3635 Aristarchi
1047 3578 1154 3652 tragici
1186 3574 1286 3653 (euius

186 3675 359 3744 ‘Achillem'
381 3686 498 3744 Ennius
520 3689 609 3744 vertit
632 3687 669 3748 cf.
693 3687 802 3745 Festus
825 3707 894 3764 pag.
908 3690 968 3747 242
981 3683 1038 3758 M),
1062 3689 1169 3761 quibus
1189 3705 1287 3764 popu·

189 3797 248 3853 lum
271 3805 305 3852 ut
327 3796 383 3852 sibi
416 3796 549 3852 animum
571 3797 712 3852 advertat
734 3797 923 3853 adhortetur.
969 3793 1046 3852 Cum
1074 3794 1120 3851 his
1150 3793 1286 3852 versibus

190 3905 332 3978 coniungi
354 3922 418 3963 non
440 3913 570 3981 possunt
590 3911 719 3979 quae'v.
744 3907 781 3963 11
806 3923 841 3978 sq
864 3913 1022 3964 secuntur:

378 4032 517 4090 exsurge,
539 4031 659 4090 praece,
683 4013 731 4071 iac
753 4014 868 4090 populo
893 4013 1081 4073 audientiam

380 4143 489 4183 exerce
512 4141 628 4193 vocem,
