2880 4808
736 333 770 386 tt

200 507 257 568 hos
280 527 318 567 ex
351 518 456 568 nostro
484 517 518 568 et
546 528 584 568 ex
606 508 876 568 Menaechmorum
905 510 1035 586 prologo
1069 509 1180 568 similes
1213 511 1302 570 eiecit

201 618 359 695 Hasperus
391 618 423 693 (ll
449 638 520 696 pag.
552 615 615 696 28).
671 617 739 677 Nec
771 637 798 680 v.
822 621 859 679 91
892 627 924 677 et
952 621 991 678 92
1026 619 1065 676 ab
1099 621 1211 678 eodem
1240 638 1301 696 quo

201 738 321 788 ceteros
344 729 531 804 compositos
555 745 625 786 esse
646 736 739 803 poeta
759 728 879 787 iudico:
904 747 977 786 nam
999 746 1100 804 neque
1123 747 1193 787 cum
1214 747 1303 805 prae·

200 839 341 896 euntibus
366 855 466 913 neque
499 854 569 896 cum
602 837 801 913 sequentibus
830 847 903 914 apte
933 838 1088 896 coniuncti
1118 846 1198 906 sunt,
1233 857 1302 896 cum

199 947 279 1004 bene
302 949 381 1005 inter
403 965 437 1004 se
460 944 647 1006 cohaereant
671 965 698 1005 v.
715 947 756 1006 90
779 952 811 1004 e‘t
834 940 884 1008 93.
924 947 1055 1005 Accedit
1081 949 1167 1022 quod
1189 949 1219 1004 in
1241 947 1302 1005 hoc

199 1058 328 1133 prologo
343 1057 451 1115 nullius
466 1072 619 1132 personae
630 1057 745 1114 mentio
760 1056 794 1114 fit
810 1056 1007 1115 nominatim:
1022 1074 1115 1133 quam
1125 1056 1166 1114 ob
1179 1074 1304 1114 causam

199 1167 291 1240 igitur
309 1167 437 1242 lenonis,
468 1166 570 1225 cuius·
587 1184 685 1241 aeque
712 1183 749 1223 ac
777 1167 970 1225 meretricum
998 1166 1125 1224 militum
1158 1167 1303 1241 tarpessi·

200 1283 299 1333 tarum
329 1293 497 1351 numquam
518 1275 550 1332 in
572 1275 707 1350 prologis
738 1293 851 1333 nomen
875 1271 1031 1333 adfertur?
1066 1294 1092 1336 v.
1117 1277 1156 1334 99
1187 1283 1219 1331 et
1242 1277 1303 1335 100

200 1393 310 1462 postea
333 1386 458 1444 additos
484 1385 722 1460 esseHasperus
739 1385 827 1443 vidit:
851 1386 899 1443 cui
920 1386 1013 1461 plane
1036 1385 1208 1460 adstipulor
1229 1385 1303 1461 quia

201 1495 266 1553 istis
289 1496 426 1553 versibus
459 1494 533 1552 nihil
565 1495 649 1552 aliud
681 1496 792 1553 dicitur
824 1512 915 1570 quam
943 1495 1027 1570 qnod
1057 1513 1084 1554 v.
1113 1496 1153 1553 98
1186 1494 1302 1552 verbis:

200 1596 316 1680 ‘neque
343 1622 413 1662 eam
443 1621 588 1678 umquam
619 1589 734 1680 tetigit'
767 1621 945 1678 expressum
973 1612 1030 1662 est.
1080 1604 1107 1660 A
1134 1602 1243 1661 Plauto
1271 1612 1302 1660 et

201 1714 353 1772 veteribus
377 1730 431 1770 eos
464 1729 534 1770 esse
556 1712 674 1770 alienos
698 1711 863 1787 Langenus
887 1713 1006 1770 monuit
1038 1706 1093 1789 (ad
1115 1712 1212 1771 Plauti
1235 1715 1301 1774 cris.

201 1831 232 1880 et
253 1823 375 1899 interpr.
399 1822 495 1898 symb.
518 1840 589 1898 pag.
612 1822 695 1894 194).

299 1930 364 1988 lam
388 1931 430 1988 ad
457 1930 581 1988 ultimos
603 1949 707 1989 versus
738 1931 915 1990 accedimus
943 1931 1022 1988 male
1045 1932 1134 1989 nobis
1163 1933 1301 1992 traditos.

201 2040 380 2114 Argumenti
414 2041 567 2097 enarratio
600 2040 684 2098 finita
712 2050 760 2099 est
791 2059 880 2099 versu
907 2043 976 2112 114,
1010 2049 1175 2117 postquam
1205 2050 1302 2099 totam

201 2123 426 2225 expositionem
452 2150 596 2225 prologus
619 2149 664 2207 his
686 2150 784 2208 verbis
807 2149 991 2208 terminavit:

757 2261 832 2336 quid
852 2260 951 2318 verbis
975 2256 1085 2336 opust?

351 2368 376 2426 is
398 2367 462 2426 heri
483 2368 542 2427 huc
562 2370 594 2427 in
618 2378 740 2446 portum
763 2370 833 2428 navi
854 2369 936 2428 venit
955 2369 1084 2444 vesperi.

201 2477 350 2552 Adiungit
371 2477 417 2534 his
440 2495 560 2535 versum
582 2480 658 2554 115:

351 2593 438 2662 pater
460 2584 583 2656 harunc,
606 2586 688 2645 idem
709 2585 781 2644 huic
803 2595 928 2663 patruos
951 2586 1184 2646 adulescentulo
1194 2581 1219 2662 ¹)

202 2709 264 2766 quo
293 2701 484 2768 spectatores
515 2694 679 2753 Hannonis
714 2711 785 2751 cum
817 2695 1017 2770 Agorastocle
1050 2704 1142 2771 atque
1181 2695 1301 2753 duabus

200 2802 308 2876 puellis
324 2801 535 2860 familiaritatis
558 2804 716 2882 admonet,
738 2810 831 2879 atque
854 2804 933 2861 bene
947 2791 1047 2862 'totins
1069 2805 1189 2881 prologi
1210 2805 1301 2864 finem

201 2910 275 2977 iacit
297 2911 432 2968 versibus
456 2912 515 2969 116
539 2921 571 2970 et
594 2914 665 2980 117,
696 2913 805 2988 qulbus
833 2913 1001 2972 clausulam
1024 2914 1167 2972 addimus
1190 2933 1217 2974 v.
1242 2914 1301 2972 126

372 3020 481 3093 valete,
506 3021 630 3077 adeste:
653 3021 715 3088 ibo,
742 3021 819 3080 alius
841 3039 924 3080 nunc
945 3022 1009 3080 fieri
1032 3023 1111 3082 volo.

201 3123 262 3196 Qui
289 3125 483 3183 intercedunt
519 3127 565 3183 vel
592 3136 738 3186 secuntur
769 3146 873 3186 versus
907 3129 983 3189 alius
1012 3149 1082 3190 esse
1112 3132 1302 3191 recensionis

200 3243 294 3311 atque
309 3215 494 3311 superiores·
511 3253 548 3292 ex
571 3234 617 3293 his
639 3237 776 3294 versibus
797 3240 981 3314 comparatis
1004 3241 1117 3298 elucet:

312 3347 371 3404 119
394 3345 444 3403 ille
468 3344 530 3420 qui
542 3345 702 3421 adoptavit
724 3345 807 3405 hunc
829 3348 885 3406 sibi
905 3367 961 3425 pro
984 3346 1077 3424 filioll

392 3455 417 3511 is
440 3454 482 3512 illi
505 3453 621 3524 Poen0‚
644 3432 771 3515 huiusce
791 3455 936 3537 patrueli)
963 3459 1077 3536 hospes
1100 3460 1157 3519 suit

737 3574 771 3624 et

328 3675 366 3733 75
389 3676 464 3733 emit
485 3675 668 3752 hospitalem
690 3677 715 3734 is
737 3675 831 3739 filium
852 3679 1029 3754 imprudens
1052 3695 1163 3749 senex3

199 3801 302 3858 neque
325 3784 376 3860 qui
398 3792 515 3842 restant
536 3802 639 3843 versus
663 3802 731 3842 cum
746 3787 856 3844 ceteris
880 3797 1002 3856 coeunt,
1027 3789 1098 3863 quia
1113 3798 1184 3864 post
1200 3809 1227 3848 v.
1243 3792 1302 3848 114

302 4045 326 4107 l)
345 4043 461 4095 codices:
482 4043 683 4094 adulescentulo
702 4050 747 4095 est.

298 4139 327 4206 2)
347 4140 405 4191 cod.
425 4140 495 4190 hunc
514 4156 562 4206 pro
582 4139 637 4189 filio
656 4140 716 4201 sibi,
736 4147 821 4191 metro
840 4149 991 4208 respuente.
1072 4153 1075 4158 '

299 4235 326 4302 3)
344 4235 404 4288 cod.
422 4236 498 4301 patri,
518 4251 584 4289 corr.
603 4238 746 4287 Lemanus.
800 4230 808 4242 '
