<?xml version="1.0" encoding="UTF-8"?>
<!DOCTYPE html PUBLIC "-//W3C//DTD XHTML 1.0 Transitional//EN"
    "http://www.w3.org/TR/xhtml1/DTD/xhtml1-transitional.dtd">
<html xmlns="http://www.w3.org/1999/xhtml" xml:lang="en" lang="en">
 <head>
  <title>
</title>
<meta http-equiv="Content-Type" content="text/html;charset=utf-8" />
  <meta name='ocr-system' content='tesseract 3.04.00' />
  <meta name='ocr-capabilities' content='ocr_page ocr_carea ocr_par ocr_line ocrx_word'/>
</head>
<body>
  <div class='ocr_page' id='page_1' title='image "./depoenuloplauti00schugoog_0050.png"; bbox 0 0 2880 4808; ppageno 0'>
   <div class='ocr_carea' id='block_1_1' title="bbox 121 39 442 429">
    <p class='ocr_par' dir='ltr' id='par_1_1' title="bbox 121 39 442 460">
     <span class='ocr_line' id='line_1_1' title="bbox 121 39 442 429; baseline -0.003 32"><span class='ocrx_word' id='word_1_1' title='bbox 121 40 180 296; x_wconf 66' lang='lat' dir='ltr'><em>s</em></span> <span class='ocrx_word' id='word_1_2' title='bbox 260 39 442 429; x_wconf 73' lang='grc' dir='ltr'>Υ</span> 
     </span>
    </p>
   </div>
   <div class='ocr_carea' id='block_1_2' title="bbox 382 913 963 988">
    <p class='ocr_par' dir='ltr' id='par_1_2' title="bbox 382 913 963 988">
     <span class='ocr_line' id='line_1_2' title="bbox 382 913 963 988; baseline -0.005 0"><span class='ocrx_word' id='word_1_3' title='bbox 382 913 629 988; x_wconf 87' lang='lat' dir='ltr'><strong>Sententiae</strong></span> <span class='ocrx_word' id='word_1_4' title='bbox 656 922 963 987; x_wconf 87' lang='lat' dir='ltr'><strong>controversae.</strong></span> 
     </span>
    </p>
   </div>
   <div class='ocr_carea' id='block_1_3' title="bbox 169 1237 1360 3180">
    <p class='ocr_par' dir='ltr' id='par_1_3' title="bbox 169 1237 1360 3180">
     <span class='ocr_line' id='line_1_3' title="bbox 170 1237 1220 1316; baseline -0.005 -14"><span class='ocrx_word' id='word_1_5' title='bbox 170 1247 196 1302; x_wconf 91' lang='lat'><strong>1.</strong></span> <span class='ocrx_word' id='word_1_6' title='bbox 224 1244 293 1299; x_wconf 88' lang='lat' dir='ltr'><strong>Eur.</strong></span> <span class='ocrx_word' id='word_1_7' title='bbox 312 1244 406 1301; x_wconf 87' lang='lat' dir='ltr'><strong>Andr.</strong></span> <span class='ocrx_word' id='word_1_8' title='bbox 422 1242 481 1301; x_wconf 82' lang='lat'><strong>707</strong></span> <span class='ocrx_word' id='word_1_9' title='bbox 494 1242 523 1298; x_wconf 94' lang='lat' dir='ltr'>N</span> <span class='ocrx_word' id='word_1_10' title='bbox 545 1261 582 1298; x_wconf 85' lang='lat' dir='ltr'><strong>ex</strong></span> <span class='ocrx_word' id='word_1_11' title='bbox 599 1243 707 1299; x_wconf 89' lang='lat' dir='ltr'><strong>codice</strong></span> <span class='ocrx_word' id='word_1_12' title='bbox 721 1241 860 1298; x_wconf 89' lang='lat' dir='ltr'><strong>Palatino</strong></span> <span class='ocrx_word' id='word_1_13' title='bbox 884 1237 922 1316; x_wconf 93' lang='lat' dir='ltr'><strong>(B</strong></span> <span class='ocrx_word' id='word_1_14' title='bbox 938 1237 1220 1315; x_wconf 71' lang='lat' dir='ltr'><strong>Kirchhoffilrepo·</strong></span> 
     </span>
     <span class='ocr_line' id='line_1_4' title="bbox 224 1347 557 1425; baseline 0.009 -17"><span class='ocrx_word' id='word_1_15' title='bbox 224 1353 361 1408; x_wconf 88' lang='lat' dir='ltr'><strong>neudum</strong></span> <span class='ocrx_word' id='word_1_16' title='bbox 384 1360 432 1409; x_wconf 89' lang='lat' dir='ltr'><strong>est</strong></span> <span class='ocrx_word' id='word_1_17' title='bbox 454 1347 557 1425; x_wconf 77' lang='grc' dir='ltr'>μείζω.</span> 
     </span>
     <span class='ocr_line' id='line_1_5' title="bbox 169 1461 806 1544; baseline 0.002 -26"><span class='ocrx_word' id='word_1_18' title='bbox 169 1464 196 1518; x_wconf 78' lang='lat'><strong>2.</strong></span> <span class='ocrx_word' id='word_1_19' title='bbox 225 1463 315 1521; x_wconf 86' lang='lat' dir='ltr'><strong>Arist.</strong></span> <span class='ocrx_word' id='word_1_20' title='bbox 339 1461 415 1544; x_wconf 69' lang='lat' dir='ltr'><strong>Ach.</strong></span> <span class='ocrx_word' id='word_1_21' title='bbox 440 1479 467 1519; x_wconf 84' lang='lat' dir='ltr'><strong>v.</strong></span> <span class='ocrx_word' id='word_1_22' title='bbox 490 1463 550 1520; x_wconf 86' lang='grc'><strong>559</strong></span> <span class='ocrx_word' id='word_1_23' title='bbox 575 1462 727 1518; x_wconf 89' lang='lat' dir='ltr'><strong>delendus</strong></span> <span class='ocrx_word' id='word_1_24' title='bbox 750 1469 806 1519; x_wconf 90' lang='lat' dir='ltr'><strong>est.</strong></span> 
     </span>
     <span class='ocr_line' id='line_1_6' title="bbox 169 1568 1224 1645; baseline -0.005 -16"><span class='ocrx_word' id='word_1_25' title='bbox 169 1575 195 1629; x_wconf 88' lang='lat'><strong>3.</strong></span> <span class='ocrx_word' id='word_1_26' title='bbox 223 1571 333 1644; x_wconf 87' lang='lat' dir='ltr'><strong>Lysiae</strong></span> <span class='ocrx_word' id='word_1_27' title='bbox 356 1571 407 1645; x_wconf 92' lang='lat' dir='ltr'><strong>qui</strong></span> <span class='ocrx_word' id='word_1_28' title='bbox 437 1572 548 1628; x_wconf 87' lang='lat' dir='ltr'><strong>dicitur</strong></span> <span class='ocrx_word' id='word_1_29' title='bbox 569 1572 667 1628; x_wconf 92' lang='lat' dir='ltr'><strong>oratio</strong></span> <span class='ocrx_word' id='word_1_30' title='bbox 698 1579 785 1627; x_wconf 90' lang='lat' dir='ltr'><strong>sexta</strong></span> <span class='ocrx_word' id='word_1_31' title='bbox 815 1587 916 1645; x_wconf 90' lang='lat' dir='ltr'><strong>neque</strong></span> <span class='ocrx_word' id='word_1_32' title='bbox 946 1587 1089 1643; x_wconf 89' lang='lat' dir='ltr'><strong>umquam</strong></span> <span class='ocrx_word' id='word_1_33' title='bbox 1119 1568 1224 1625; x_wconf 86' lang='lat' dir='ltr'><strong>habita</strong></span> 
     </span>
     <span class='ocr_line' id='line_1_7' title="bbox 226 1679 1223 1755; baseline 0.001 -20"><span class='ocrx_word' id='word_1_34' title='bbox 226 1690 272 1737; x_wconf 88' lang='lat' dir='ltr'><strong>est</strong></span> <span class='ocrx_word' id='word_1_35' title='bbox 288 1698 389 1754; x_wconf 88' lang='lat' dir='ltr'><strong>neque</strong></span> <span class='ocrx_word' id='word_1_36' title='bbox 403 1689 437 1736; x_wconf 90' lang='lat' dir='ltr'><strong>ut</strong></span> <span class='ocrx_word' id='word_1_37' title='bbox 451 1680 615 1736; x_wconf 84' lang='lat' dir='ltr'><strong>haberetur</strong></span> <span class='ocrx_word' id='word_1_38' title='bbox 631 1681 756 1755; x_wconf 90' lang='lat' dir='ltr'><strong>scripta:</strong></span> <span class='ocrx_word' id='word_1_39' title='bbox 774 1679 945 1736; x_wconf 89' lang='lat' dir='ltr'><strong>scholarum</strong></span> <span class='ocrx_word' id='word_1_40' title='bbox 958 1680 1093 1736; x_wconf 90' lang='lat' dir='ltr'><strong>umbram</strong></span> <span class='ocrx_word' id='word_1_41' title='bbox 1111 1679 1223 1753; x_wconf 91' lang='lat' dir='ltr'><strong>prodit.</strong></span> 
     </span>
     <span class='ocr_line' id='line_1_8' title="bbox 169 1766 1224 1865; baseline -0.004 -19"><span class='ocrx_word' id='word_1_42' title='bbox 169 1792 197 1848; x_wconf 78' lang='grc'><strong>4.</strong></span> <span class='ocrx_word' id='word_1_43' title='bbox 229 1786 260 1865; x_wconf 91' lang='lat' dir='ltr'><strong>a)</strong></span> <span class='ocrx_word' id='word_1_44' title='bbox 289 1766 373 1863; x_wconf 91' lang='lat' dir='ltr'><strong>apud</strong></span> <span class='ocrx_word' id='word_1_45' title='bbox 399 1788 618 1847; x_wconf 85' lang='lat' dir='ltr'><strong>Callimachum</strong></span> <span class='ocrx_word' id='word_1_46' title='bbox 641 1791 665 1846; x_wconf 92' lang='lat' dir='ltr'><strong>si</strong></span> <span class='ocrx_word' id='word_1_47' title='bbox 688 1789 762 1846; x_wconf 89' lang='lat' dir='ltr'><strong>arsis</strong></span> <span class='ocrx_word' id='word_1_48' title='bbox 791 1790 919 1846; x_wconf 89' lang='lat' dir='ltr'><strong>secundi</strong></span> <span class='ocrx_word' id='word_1_49' title='bbox 946 1788 991 1844; x_wconf 92' lang='lat' dir='ltr'><strong>vel</strong></span> <span class='ocrx_word' id='word_1_50' title='bbox 1015 1788 1114 1864; x_wconf 90' lang='lat' dir='ltr'><strong>quarti</strong></span> <span class='ocrx_word' id='word_1_51' title='bbox 1136 1788 1224 1862; x_wconf 90' lang='lat' dir='ltr'><strong>pedis</strong></span> 
     </span>
     <span class='ocr_line' id='line_1_9' title="bbox 247 1868 1224 1974; baseline -0.004 -19"><span class='ocrx_word' id='word_1_52' title='bbox 247 1868 252 1887; x_wconf 31' lang='grc' dir='ltr'><strong>ι</strong></span> <span class='ocrx_word' id='word_1_53' title='bbox 289 1908 439 1974; x_wconf 90' lang='lat' dir='ltr'><strong>sequente</strong></span> <span class='ocrx_word' id='word_1_54' title='bbox 461 1907 546 1956; x_wconf 90' lang='lat' dir='ltr'><strong>muta</strong></span> <span class='ocrx_word' id='word_1_55' title='bbox 567 1916 636 1956; x_wconf 87' lang='lat' dir='ltr'><strong>cum</strong></span> <span class='ocrx_word' id='word_1_56' title='bbox 659 1899 775 1972; x_wconf 88' lang='lat' dir='ltr'><strong>liquida</strong></span> <span class='ocrx_word' id='word_1_57' title='bbox 790 1899 979 1973; x_wconf 86' lang='lat' dir='ltr'><strong>producitur,</strong></span> <span class='ocrx_word' id='word_1_58' title='bbox 1003 1915 1124 1972; x_wconf 85' lang='lat' dir='ltr'><strong>semper</strong></span> <span class='ocrx_word' id='word_1_59' title='bbox 1137 1915 1224 1971; x_wconf 89' lang='lat' dir='ltr'><strong>prae·</strong></span> 
     </span>
     <span class='ocr_line' id='line_1_10' title="bbox 289 2007 1225 2082; baseline -0.005 -16"><span class='ocrx_word' id='word_1_60' title='bbox 289 2009 372 2076; x_wconf 88' lang='lat' dir='ltr'><strong>cedit</strong></span> <span class='ocrx_word' id='word_1_61' title='bbox 394 2008 543 2081; x_wconf 82' lang='lat' dir='ltr'><strong>dactylus</strong></span> <span class='ocrx_word' id='word_1_62' title='bbox 589 2007 679 2079; x_wconf 85' lang='lat' dir='ltr'><strong>Quae</strong></span> <span class='ocrx_word' id='word_1_63' title='bbox 712 2008 894 2065; x_wconf 89' lang='lat' dir='ltr'><strong>oblocuntur</strong></span> <span class='ocrx_word' id='word_1_64' title='bbox 928 2008 1069 2082; x_wconf 84' lang='lat' dir='ltr'><strong>exempla</strong></span> <span class='ocrx_word' id='word_1_65' title='bbox 1103 2015 1155 2063; x_wconf 91' lang='lat' dir='ltr'><strong>aut</strong></span> <span class='ocrx_word' id='word_1_66' title='bbox 1188 2023 1225 2061; x_wconf 85' lang='lat' dir='ltr'><strong>ex</strong></span> 
     </span>
     <span class='ocr_line' id='line_1_11' title="bbox 288 2115 1225 2192; baseline -0.002 -19"><span class='ocrx_word' id='word_1_67' title='bbox 288 2117 425 2174; x_wconf 86' lang='lat' dir='ltr'><strong>Homero</strong></span> <span class='ocrx_word' id='word_1_68' title='bbox 442 2118 607 2192; x_wconf 89' lang='lat' dir='ltr'><strong>desumpta</strong></span> <span class='ocrx_word' id='word_1_69' title='bbox 622 2125 692 2173; x_wconf 92' lang='lat' dir='ltr'><strong>sunt</strong></span> <span class='ocrx_word' id='word_1_70' title='bbox 707 2124 761 2172; x_wconf 88' lang='lat' dir='ltr'><strong>aut</strong></span> <span class='ocrx_word' id='word_1_71' title='bbox 776 2125 861 2174; x_wconf 88' lang='lat' dir='ltr'><strong>certa</strong></span> <span class='ocrx_word' id='word_1_72' title='bbox 876 2118 993 2174; x_wconf 88' lang='lat' dir='ltr'><strong>ratione</strong></span> <span class='ocrx_word' id='word_1_73' title='bbox 1009 2136 1028 2174; x_wconf 95' lang='lat' dir='ltr'><strong>a</strong></span> <span class='ocrx_word' id='word_1_74' title='bbox 1038 2115 1225 2174; x_wconf 86' lang='lat' dir='ltr'><strong>Callimacho</strong></span> 
     </span>
     <span class='ocr_line' id='line_1_12' title="bbox 291 2225 667 2301; baseline 0.016 -19"><span class='ocrx_word' id='word_1_75' title='bbox 291 2225 350 2284; x_wconf 92' lang='lat' dir='ltr'><strong>hoc</strong></span> <span class='ocrx_word' id='word_1_76' title='bbox 369 2227 464 2283; x_wconf 89' lang='lat' dir='ltr'><strong>modo</strong></span> <span class='ocrx_word' id='word_1_77' title='bbox 488 2227 667 2301; x_wconf 89' lang='lat' dir='ltr'><strong>composita.</strong></span> 
     </span>
     <span class='ocr_line' id='line_1_13' title="bbox 209 2322 1227 2413; baseline 0.002 -21"><span class='ocrx_word' id='word_1_78' title='bbox 209 2322 260 2411; x_wconf 79' lang='lat' dir='ltr'><strong>h)</strong></span> <span class='ocrx_word' id='word_1_79' title='bbox 287 2337 389 2413; x_wconf 87' lang='lat' dir='ltr'><strong>itaque</strong></span> <span class='ocrx_word' id='word_1_80' title='bbox 414 2336 514 2411; x_wconf 90' lang='lat' dir='ltr'><strong>hymn.</strong></span> <span class='ocrx_word' id='word_1_81' title='bbox 537 2331 584 2411; x_wconf 88' lang='grc' dir='ltr'><strong>εἰς</strong></span> <span class='ocrx_word' id='word_1_82' title='bbox 605 2332 714 2409; x_wconf 83' lang='grc' dir='ltr'>Δῆλον</span> <span class='ocrx_word' id='word_1_83' title='bbox 734 2355 759 2395; x_wconf 90' lang='lat' dir='ltr'><strong>v.</strong></span> <span class='ocrx_word' id='word_1_84' title='bbox 778 2337 836 2395; x_wconf 79' lang='lat'><strong>147</strong></span> <span class='ocrx_word' id='word_1_85' title='bbox 860 2335 1068 2393; x_wconf 87' lang='lat' dir='ltr'><strong>scribendum:</strong></span> <span class='ocrx_word' id='word_1_86' title='bbox 1092 2330 1227 2407; x_wconf 83' lang='grc' dir='ltr'>ἕστηκεν</span> 
     </span>
     <span class='ocr_line' id='line_1_14' title="bbox 291 2443 748 2521; baseline -0.002 -15"><span class='ocrx_word' id='word_1_87' title='bbox 291 2444 355 2521; x_wconf 88' lang='grc' dir='ltr'><strong>πρὸ</strong></span> <span class='ocrx_word' id='word_1_88' title='bbox 377 2443 506 2509; x_wconf 76' lang='grc' dir='ltr'>πυλέων</span> <span class='ocrx_word' id='word_1_89' title='bbox 531 2447 600 2506; x_wconf 91' lang='lat' dir='ltr'><strong>cod.</strong></span> <span class='ocrx_word' id='word_1_90' title='bbox 624 2443 748 2521; x_wconf 80' lang='grc' dir='ltr'>ἕστηκε.</span> 
     </span>
     <span class='ocr_line' id='line_1_15' title="bbox 172 2555 745 2632; baseline -0.009 -15"><span class='ocrx_word' id='word_1_91' title='bbox 172 2560 199 2617; x_wconf 88' lang='lat'><strong>5.</strong></span> <span class='ocrx_word' id='word_1_92' title='bbox 227 2555 259 2629; x_wconf 85' lang='lat' dir='ltr'><strong>a)</strong></span> <span class='ocrx_word' id='word_1_93' title='bbox 287 2555 384 2614; x_wconf 90' lang='lat' dir='ltr'><strong>Plaut.</strong></span> <span class='ocrx_word' id='word_1_94' title='bbox 408 2555 477 2615; x_wconf 80' lang='lat' dir='ltr'><strong>CaS.</strong></span> <span class='ocrx_word' id='word_1_95' title='bbox 502 2559 541 2616; x_wconf 84' lang='lat'><strong>95</strong></span> <span class='ocrx_word' id='word_1_96' title='bbox 564 2557 745 2632; x_wconf 85' lang='lat' dir='ltr'><strong>legendum:</strong></span> 
     </span>
     <span class='ocr_line' id='line_1_16' title="bbox 401 2661 943 2741; baseline -0.002 -19"><span class='ocrx_word' id='word_1_97' title='bbox 401 2665 479 2741; x_wconf 77' lang='lat' dir='ltr'><strong>quae</strong></span> <span class='ocrx_word' id='word_1_98' title='bbox 501 2683 571 2723; x_wconf 91' lang='lat' dir='ltr'><strong>meo</strong></span> <span class='ocrx_word' id='word_1_99' title='bbox 594 2666 709 2722; x_wconf 88' lang='lat' dir='ltr'><strong>educta</strong></span> <span class='ocrx_word' id='word_1_100' title='bbox 731 2661 853 2738; x_wconf 76' lang='lat' dir='ltr'><strong>sumptir</strong></span> <span class='ocrx_word' id='word_1_101' title='bbox 877 2662 943 2722; x_wconf 92' lang='lat' dir='ltr'><strong>siet.</strong></span> 
     </span>
     <span class='ocr_line' id='line_1_17' title="bbox 228 2770 1235 2848; baseline -0.009 -18"><span class='ocrx_word' id='word_1_102' title='bbox 228 2771 262 2847; x_wconf 86' lang='lat' dir='ltr'><strong>b)</strong></span> <span class='ocrx_word' id='word_1_103' title='bbox 289 2774 328 2831; x_wconf 93' lang='lat' dir='ltr'><strong>ib.</strong></span> <span class='ocrx_word' id='word_1_104' title='bbox 351 2793 377 2831; x_wconf 93' lang='lat' dir='ltr'><strong>v.</strong></span> <span class='ocrx_word' id='word_1_105' title='bbox 403 2776 459 2832; x_wconf 91' lang='grc'><strong>111</strong></span> <span class='ocrx_word' id='word_1_106' title='bbox 486 2775 529 2831; x_wconf 90' lang='lat' dir='ltr'><strong>sic</strong></span> <span class='ocrx_word' id='word_1_107' title='bbox 551 2775 630 2830; x_wconf 87' lang='lat' dir='ltr'><strong>inter</strong></span> <span class='ocrx_word' id='word_1_108' title='bbox 651 2789 799 2848; x_wconf 85' lang='lat' dir='ltr'><strong>personas</strong></span> <span class='ocrx_word' id='word_1_109' title='bbox 823 2770 1052 2828; x_wconf 88' lang='lat' dir='ltr'><strong>distribuendus</strong></span> <span class='ocrx_word' id='word_1_110' title='bbox 1076 2778 1137 2828; x_wconf 87' lang='lat' dir='ltr'><strong>est:</strong></span> <span class='ocrx_word' id='word_1_111' title='bbox 1233 2817 1235 2821; x_wconf 76' lang='grc'>,</span> 
     </span>
     <span class='ocr_line' id='line_1_18' title="bbox 332 2879 1360 2957; baseline -0.006 -16"><span class='ocrx_word' id='word_1_112' title='bbox 332 2882 461 2942; x_wconf 89' lang='lat' dir='ltr'><strong>Cleostr.</strong></span> <span class='ocrx_word' id='word_1_113' title='bbox 485 2885 564 2941; x_wconf 89' lang='lat' dir='ltr'><strong>intro</strong></span> <span class='ocrx_word' id='word_1_114' title='bbox 587 2883 646 2951; x_wconf 92' lang='lat' dir='ltr'><strong>abi,</strong></span> <span class='ocrx_word' id='word_1_115' title='bbox 670 2899 849 2957; x_wconf 89' lang='lat' dir='ltr'><strong>appropera,</strong></span> <span class='ocrx_word' id='word_1_116' title='bbox 877 2881 999 2939; x_wconf 90' lang='lat' dir='ltr'><strong>amabo.</strong></span> <span class='ocrx_word' id='word_1_117' title='bbox 1042 2879 1152 2954; x_wconf 90' lang='lat' dir='ltr'><strong>Myrrh.</strong></span> <span class='ocrx_word' id='word_1_118' title='bbox 1175 2881 1229 2936; x_wconf 92' lang='lat' dir='ltr'><strong>im·</strong></span> <span class='ocrx_word' id='word_1_119' title='bbox 1258 2946 1261 2952; x_wconf 25' lang='lat'>¹</span> <span class='ocrx_word' id='word_1_120' title='bbox 1352 2908 1360 2925; x_wconf 92' lang='lat'><strong>·</strong></span> 
     </span>
     <span class='ocr_line' id='line_1_19' title="bbox 1011 2991 1225 3065; baseline 0.005 -17"><span class='ocrx_word' id='word_1_121' title='bbox 1011 3000 1114 3065; x_wconf 88' lang='lat' dir='ltr'><strong>petras</strong></span> <span class='ocrx_word' id='word_1_122' title='bbox 1137 2991 1225 3049; x_wconf 92' lang='lat' dir='ltr'><strong>abeo.</strong></span> 
     </span>
     <span class='ocr_line' id='line_1_20' title="bbox 232 3099 1251 3180; baseline -0.002 -22"><span class='ocrx_word' id='word_1_123' title='bbox 232 3099 261 3175; x_wconf 90' lang='lat' dir='ltr'><strong>c)</strong></span> <span class='ocrx_word' id='word_1_124' title='bbox 290 3102 328 3161; x_wconf 91' lang='lat' dir='ltr'><strong>ib.</strong></span> <span class='ocrx_word' id='word_1_125' title='bbox 357 3104 415 3160; x_wconf 82' lang='lat'><strong>126</strong></span> <span class='ocrx_word' id='word_1_126' title='bbox 432 3111 464 3158; x_wconf 91' lang='lat' dir='ltr'><strong>et</strong></span> <span class='ocrx_word' id='word_1_127' title='bbox 480 3104 538 3161; x_wconf 82' lang='lat'><strong>127</strong></span> <span class='ocrx_word' id='word_1_128' title='bbox 563 3101 690 3159; x_wconf 91' lang='lat' dir='ltr'><strong>Bothius</strong></span> <span class='ocrx_word' id='word_1_129' title='bbox 707 3112 738 3159; x_wconf 92' lang='lat' dir='ltr'><strong>et</strong></span> <span class='ocrx_word' id='word_1_130' title='bbox 754 3102 929 3179; x_wconf 89' lang='lat' dir='ltr'><strong>Geppertus</strong></span> <span class='ocrx_word' id='word_1_131' title='bbox 951 3102 1083 3177; x_wconf 90' lang='lat' dir='ltr'><strong>pessime</strong></span> <span class='ocrx_word' id='word_1_132' title='bbox 1099 3109 1229 3158; x_wconf 88' lang='lat' dir='ltr'><strong>metrum</strong></span> <span class='ocrx_word' id='word_1_133' title='bbox 1249 3177 1251 3180; x_wconf 37' lang='lat'><strong>.</strong></span> 
     </span>
    </p>
   </div>
   <div class='ocr_carea' id='block_1_4' title="bbox 297 3203 1228 3286">
    <p class='ocr_par' dir='ltr' id='par_1_4' title="bbox 297 3203 1228 3286">
     <span class='ocr_line' id='line_1_21' title="bbox 297 3203 1228 3286; baseline 0.001 -19"><span class='ocrx_word' id='word_1_134' title='bbox 297 3211 507 3270; x_wconf 89' lang='lat' dir='ltr'><strong>foedaverunt.</strong></span> <span class='ocrx_word' id='word_1_135' title='bbox 531 3209 680 3268; x_wconf 91' lang='lat' dir='ltr'><strong>Codicum</strong></span> <span class='ocrx_word' id='word_1_136' title='bbox 691 3203 839 3286; x_wconf 84' lang='lat' dir='ltr'><strong>scriptura</strong></span> <span class='ocrx_word' id='word_1_137' title='bbox 851 3212 1007 3269; x_wconf 91' lang='lat' dir='ltr'><strong>mordicus</strong></span> <span class='ocrx_word' id='word_1_138' title='bbox 1023 3212 1159 3268; x_wconf 89' lang='lat' dir='ltr'><strong>tenenda</strong></span> <span class='ocrx_word' id='word_1_139' title='bbox 1172 3217 1228 3268; x_wconf 88' lang='lat' dir='ltr'><strong>est.</strong></span> 
     </span>
    </p>
   </div>
   <div class='ocr_carea' id='block_1_5' title="bbox 233 3301 1229 3396">
    <p class='ocr_par' dir='ltr' id='par_1_5' title="bbox 233 3301 1229 3396">
     <span class='ocr_line' id='line_1_22' title="bbox 233 3301 1229 3396; baseline 0 -20"><span class='ocrx_word' id='word_1_140' title='bbox 233 3316 268 3394; x_wconf 87' lang='lat' dir='ltr'><strong>d)</strong></span> <span class='ocrx_word' id='word_1_141' title='bbox 295 3321 333 3378; x_wconf 90' lang='lat' dir='ltr'><strong>ib.</strong></span> <span class='ocrx_word' id='word_1_142' title='bbox 351 3301 416 3380; x_wconf 85' lang='lat'>350‘</span> <span class='ocrx_word' id='word_1_143' title='bbox 427 3321 634 3379; x_wconf 89' lang='lat' dir='ltr'><strong>scribendum:</strong></span> <span class='ocrx_word' id='word_1_144' title='bbox 652 3317 744 3395; x_wconf 84' lang='lat' dir='ltr'><strong>quid?</strong></span> <span class='ocrx_word' id='word_1_145' title='bbox 760 3317 941 3378; x_wconf 83' lang='lat' dir='ltr'><strong>deosculer?</strong></span> <span class='ocrx_word' id='word_1_146' title='bbox 957 3338 1035 3396; x_wconf 93' lang='lat' dir='ltr'><strong>quae</strong></span> <span class='ocrx_word' id='word_1_147' title='bbox 1047 3320 1144 3378; x_wconf 87' lang='lat' dir='ltr'><strong>istaec</strong></span> <span class='ocrx_word' id='word_1_148' title='bbox 1159 3316 1229 3377; x_wconf 80' lang='lat' dir='ltr'><strong>res?</strong></span> 
     </span>
    </p>
   </div>
   <div class='ocr_carea' id='block_1_6' title="bbox 179 3424 1234 4272">
    <p class='ocr_par' dir='ltr' id='par_1_6' title="bbox 179 3424 1234 4272">
     <span class='ocr_line' id='line_1_23' title="bbox 891 3424 1230 3514; baseline -0.006 -29"><span class='ocrx_word' id='word_1_149' title='bbox 891 3447 970 3504; x_wconf 91' lang='lat' dir='ltr'><strong>quae</strong></span> <span class='ocrx_word' id='word_1_150' title='bbox 993 3430 1134 3514; x_wconf 84' lang='lat' dir='ltr'><strong>voluptas</strong></span> <span class='ocrx_word' id='word_1_151' title='bbox 1157 3424 1230 3485; x_wconf 81' lang='lat' dir='ltr'><strong>tua?</strong></span> 
     </span>
     <span class='ocr_line' id='line_1_24' title="bbox 233 3537 1021 3615; baseline -0.001 -19"><span class='ocrx_word' id='word_1_152' title='bbox 233 3537 263 3615; x_wconf 87' lang='lat' dir='ltr'><strong>e)</strong></span> <span class='ocrx_word' id='word_1_153' title='bbox 291 3540 330 3595; x_wconf 89' lang='lat' dir='ltr'><strong>ib.</strong></span> <span class='ocrx_word' id='word_1_154' title='bbox 355 3541 416 3599; x_wconf 83' lang='grc'><strong>384</strong></span> <span class='ocrx_word' id='word_1_155' title='bbox 437 3539 631 3597; x_wconf 89' lang='lat' dir='ltr'><strong>mutandum:</strong></span> <span class='ocrx_word' id='word_1_156' title='bbox 654 3540 745 3615; x_wconf 70' lang='lat' dir='ltr'><strong>agite.</strong></span> <span class='ocrx_word' id='word_1_157' title='bbox 770 3542 840 3599; x_wconf 92' lang='lat' dir='ltr'><strong>cod.</strong></span> <span class='ocrx_word' id='word_1_158' title='bbox 864 3557 931 3614; x_wconf 85' lang='lat' dir='ltr'><strong>age.</strong></span> <span class='ocrx_word' id='word_1_159' title='bbox 1020 3565 1021 3569; x_wconf 39' lang='lat'>¹</span> 
     </span>
     <span class='ocr_line' id='line_1_25' title="bbox 234 3644 1231 3727; baseline -0.001 -21"><span class='ocrx_word' id='word_1_160' title='bbox 234 3644 258 3727; x_wconf 87' lang='lat' dir='ltr'><strong>f)</strong></span> <span class='ocrx_word' id='word_1_161' title='bbox 291 3649 331 3707; x_wconf 90' lang='lat' dir='ltr'><strong>ib.</strong></span> <span class='ocrx_word' id='word_1_162' title='bbox 355 3651 416 3708; x_wconf 91' lang='grc'><strong>654</strong></span> <span class='ocrx_word' id='word_1_163' title='bbox 437 3649 521 3723; x_wconf 82' lang='lat' dir='ltr'><strong>lego:</strong></span> <span class='ocrx_word' id='word_1_164' title='bbox 545 3650 671 3706; x_wconf 89' lang='lat' dir='ltr'><strong>tandem</strong></span> <span class='ocrx_word' id='word_1_165' title='bbox 692 3658 726 3706; x_wconf 92' lang='lat' dir='ltr'><strong>ut</strong></span> <span class='ocrx_word' id='word_1_166' title='bbox 748 3649 903 3706; x_wconf 90' lang='lat' dir='ltr'><strong>veniamus</strong></span> <span class='ocrx_word' id='word_1_167' title='bbox 926 3666 991 3707; x_wconf 88' lang='lat' dir='ltr'><strong>rus:</strong></span> <span class='ocrx_word' id='word_1_168' title='bbox 1014 3648 1073 3706; x_wconf 92' lang='lat' dir='ltr'><strong>luci</strong></span> <span class='ocrx_word' id='word_1_169' title='bbox 1089 3665 1149 3723; x_wconf 86' lang='lat' dir='ltr'><strong>ego</strong></span> <span class='ocrx_word' id='word_1_170' title='bbox 1165 3664 1231 3705; x_wconf 92' lang='lat' dir='ltr'><strong>cras</strong></span> 
     </span>
     <span class='ocr_line' id='line_1_26' title="bbox 297 3756 720 3817; baseline 0.007 -4"><span class='ocrx_word' id='word_1_171' title='bbox 297 3756 346 3813; x_wconf 92' lang='lat' dir='ltr'><strong>hic</strong></span> <span class='ocrx_word' id='word_1_172' title='bbox 366 3775 427 3817; x_wconf 81' lang='lat' dir='ltr'><strong>ero,</strong></span> <span class='ocrx_word' id='word_1_173' title='bbox 452 3758 520 3816; x_wconf 92' lang='lat' dir='ltr'><strong>cod.</strong></span> <span class='ocrx_word' id='word_1_174' title='bbox 544 3776 635 3817; x_wconf 91' lang='lat' dir='ltr'><strong>omm.</strong></span> <span class='ocrx_word' id='word_1_175' title='bbox 660 3776 720 3816; x_wconf 79' lang='lat' dir='ltr'><strong>rus</strong></span> 
     </span>
     <span class='ocr_line' id='line_1_27' title="bbox 179 3866 1232 3944; baseline -0.003 -19"><span class='ocrx_word' id='word_1_176' title='bbox 179 3870 206 3926; x_wconf 83' lang='grc'><strong>6.</strong></span> <span class='ocrx_word' id='word_1_177' title='bbox 237 3867 334 3926; x_wconf 88' lang='lat' dir='ltr'><strong>Plaut.</strong></span> <span class='ocrx_word' id='word_1_178' title='bbox 358 3867 441 3927; x_wconf 90' lang='lat' dir='ltr'><strong>Trin.</strong></span> <span class='ocrx_word' id='word_1_179' title='bbox 458 3866 518 3928; x_wconf 79' lang='lat'><strong>836</strong></span> <span class='ocrx_word' id='word_1_180' title='bbox 541 3887 596 3943; x_wconf 92' lang='lat' dir='ltr'><strong>pro</strong></span> <span class='ocrx_word' id='word_1_181' title='bbox 619 3869 748 3926; x_wconf 85' lang='lat' dir='ltr'><strong>fremere</strong></span> <span class='ocrx_word' id='word_1_182' title='bbox 774 3869 976 3944; x_wconf 91' lang='lat' dir='ltr'><strong>supplendum</strong></span> <span class='ocrx_word' id='word_1_183' title='bbox 999 3868 1116 3926; x_wconf 84' lang='lat' dir='ltr'><strong>fervere</strong></span> <span class='ocrx_word' id='word_1_184' title='bbox 1139 3876 1232 3942; x_wconf 89' lang='lat' dir='ltr'><strong>atque</strong></span> 
     </span>
     <span class='ocr_line' id='line_1_28' title="bbox 236 3978 591 4054; baseline 0.011 -24"><span class='ocrx_word' id='word_1_185' title='bbox 236 3992 339 4033; x_wconf 89' lang='lat' dir='ltr'><strong>versus</strong></span> <span class='ocrx_word' id='word_1_186' title='bbox 363 3979 406 4036; x_wconf 92' lang='lat' dir='ltr'><strong>sic</strong></span> <span class='ocrx_word' id='word_1_187' title='bbox 428 3978 591 4054; x_wconf 85' lang='lat' dir='ltr'><strong>legendus:</strong></span> 
     </span>
     <span class='ocr_line' id='line_1_29' title="bbox 273 4080 1234 4163; baseline 0 -20"><span class='ocrx_word' id='word_1_188' title='bbox 273 4133 275 4136; x_wconf 61' lang='grc'>,</span> <span class='ocrx_word' id='word_1_189' title='bbox 338 4086 448 4144; x_wconf 76' lang='lat' dir='ltr'><strong>imbres</strong></span> <span class='ocrx_word' id='word_1_190' title='bbox 461 4087 628 4162; x_wconf 91' lang='lat' dir='ltr'><strong>fluctusque</strong></span> <span class='ocrx_word' id='word_1_191' title='bbox 644 4085 736 4160; x_wconf 74' lang='lat' dir='ltr'><strong>atque</strong></span> <span class='ocrx_word' id='word_1_192' title='bbox 758 4087 911 4160; x_wconf 91' lang='lat' dir='ltr'><strong>procellae</strong></span> <span class='ocrx_word' id='word_1_193' title='bbox 926 4086 1063 4144; x_wconf 75' lang='lat' dir='ltr'><strong>infensae</strong></span> <span class='ocrx_word' id='word_1_194' title='bbox 1074 4080 1234 4163; x_wconf 70' lang='lat' dir='ltr'><strong>(fervere)</strong></span> 
     </span>
     <span class='ocr_line' id='line_1_30' title="bbox 950 4195 1233 4272; baseline 0.018 -21"><span class='ocrx_word' id='word_1_195' title='bbox 950 4195 1089 4272; x_wconf 75' lang='lat' dir='ltr'><strong>frangere</strong></span> <span class='ocrx_word' id='word_1_196' title='bbox 1111 4196 1233 4256; x_wconf 90' lang='lat' dir='ltr'><strong>malum.</strong></span> 
     </span>
    </p>
   </div>
   <div class='ocr_carea' id='block_1_7' title="bbox 0 0 1460 4808">
    <p class='ocr_par' dir='ltr' id='par_1_7' title="bbox 0 0 1460 4808">
     <span class='ocr_line' id='line_1_31' title="bbox 0 0 1460 4808; baseline 0 0"><span class='ocrx_word' id='word_1_197' title='bbox 0 0 1460 4808; x_wconf 95' lang='lat' dir='ltr'><strong> </strong></span> 
     </span>
    </p>
   </div>
  </div>
 </body>
</html>
