2880 4808
701 290 735 343 25

169 461 205 541 (ll
226 483 297 541 pag.
322 460 395 541 254)
418 465 589 542 perspexit:
613 473 645 522 at
667 466 753 540 quod
775 484 801 525 v.
824 467 864 525 38
886 473 919 523 et
941 467 981 526 39
1004 474 1075 541 post
1096 486 1122 526 v.
1147 468 1187 525 43
1210 484 1265 542 po·

110 564 113 571 ’
170 576 292 633 nendos
315 592 385 633 esse
408 575 537 644 censuit,
557 574 631 632 mihi
652 593 716 634 non
736 574 900 651 persuasit.
954 574 1033 634 Nam
1061 593 1110 633 me
1140 575 1267 652 quidem

169 683 271 743 iudice
294 685 504 759 Agorastoclis
530 685 623 742 verba
650 684 837 742 delenientia
863 685 971 742 melius
1001 693 1073 760 post
1096 685 1266 742 orationem

172 795 393 852 advocatorum
416 813 442 849 v.
466 796 602 864 30-37,
625 811 713 852 versu
736 797 776 854 37
797 813 890 872 quam
912 795 1059 853 acerrime
1081 813 1136 870 pro
1159 794 1267 853 horum

170 903 297 979 quidem
317 902 474 962 hominum
490 912 600 963 natura
621 904 747 974 finitam,
769 905 914 962 dicuntur
934 921 1027 981 quam
1056 913 1128 980 post
1151 904 1267 978 langui-

169 1015 229 1071 dos
247 1014 312 1071 illos
333 1016 374 1074 43
397 1022 430 1072 et
448 1017 499 1074 44.
554 1013 654 1072 Versu
676 1016 718 1073 40
747 1015 788 1072 ad
817 1012 982 1089 imaginem
1012 1031 1117 1072 versus
1140 1016 1159 1072 4
1180 1031 1267 1072 revo-

172 1140 286 1190 camur,
324 1123 475 1182 inversam
502 1114 638 1200 paulum¹
657 1142 757 1200 neque
788 1125 819 1182 in
847 1123 1005 1183 meliorem
1032 1132 1165 1200 partem:
1210 1123 1267 1180 Illo

171 1249 261 1290 versu
289 1229 334 1310 (4)
362 1234 581 1310 Agorastocles
613 1236 783 1293 advocatos
812 1236 893 1293 bene
921 1253 989 1292 cum
1022 1233 1145 1292 corbitis
1178 1234 1267 1290 tarde

169 1343 351 1401 vehentibus
374 1349 606 1418 comparaverat
620 1342 765 1401 adiuncta
778 1342 963 1418 gradatione
975 1335 1153 1419 ‘tranquillo
1167 1329 1267 1413 mari',

171 1452 230 1511 hoc
253 1470 345 1529 quarn
367 1453 555 1530 ineptissime
578 1451 751 1527 coniungit:
770 1439 912 1527 ‘operam
936 1452 1082 1529 celocem,
1104 1470 1145 1508 ne
1168 1452 1266 1509 corbi·

170 1569 234 1621 tam
256 1563 343 1621 date:
380 1561 567 1637 attrepidate
595 1579 668 1620 nam
694 1578 749 1619 vos
773 1578 979 1637 approperare
1008 1560 1092 1619 haud
1114 1545 1262 1636 postulo’.

145 1669 301 1728 ,Celoces
323 1679 539 1747 approperant,
562 1671 697 1730 corbitae
719 1672 917 1747 attrepidant,
949 1690 974 1731 v.
997 1670 1089 1745 igitur
1112 1673 1152 1730 40
1174 1670 1265 1745 plane

172 1780 357 1839 contrarium
379 1782 452 1840 dicit
476 1799 513 1839 ac
534 1800 560 1840 v.
577 1783 627 1840 41.
662 1780 725 1838 Sed
740 1789 773 1838 ut
787 1781 885 1839 omnis
901 1780 1041 1856 imaginis
1056 1780 1130 1838 illius
1146 1780 1266 1855 species

173 1899 354 1960 evanescat,
386 1897 545 1965 poetaster
576 1889 625 1947 ille
657 1890 828 1948 advocatos
858 1883 902 1948 ita
930 1890 1155 1966 respondentes
1183 1887 1265 1956 facit,

171 1999 259 2075 quasi
287 2006 543 2078 utproperarent
570 1999 786 2075 Agorastocles
814 1999 945 2056 edixerit
972 1995 1011 2074 (v.
1036 1995 1096 2073 43).
1152 1996 1266 2055 Eiectis

170 2108 261 2184 igitur
281 2108 328 2167 his
351 2109 487 2167 versibus
510 2116 616 2184 aptum
645 2109 866 2166 sententiarum
894 2107 1034 2166 ordinem
1061 2109 1265 2166 restituamus.

670 2293 716 2354 lIl
739 2298 767 2354 4.

269 2440 388 2515 Aperte
404 2440 534 2497 alienam
549 2456 673 2497 manum
687 2439 720 2496 in
735 2438 871 2497 versibus
895 2437 984 2496 huius
1001 2457 1134 2497 scaenae
1157 2441 1196 2497 22
1210 2456 1267 2515 sqq

171 2548 431 2624 deprehendimus
454 2549 494 2605 de
517 2549 627 2625 quibus
647 2549 739 2605 miror
751 2547 882 2606 Teuffeli
902 2547 1049 2606 iudicium
1072 2544 1161 2624 (mus.
1181 2549 1266 2610 rhen.

171 2657 246 2716 VIII
266 2675 336 2733 pag.
361 2661 399 2718 35
423 2652 484 2736 sq),
517 2658 569 2733 qui
589 2658 698 2715 horum
719 2674 862 2715 versuum
884 2657 1056 2715 insulsitate
1078 2675 1115 2717 ac
1137 2659 1267 2734 stupidi-

84 2797 87 2807 ·
173 2775 238 2824 tate
261 2767 302 2823 ad
326 2766 455 2825 Poenuli
481 2776 578 2825 artem
602 2767 833 2825 diiudicandam
854 2767 956 2827 utitur.
1009 2766 1172 2825 Neminem
1193 2768 1267 2825 effu-

172 2876 236 2951 giet
259 2876 312 2933 tali
334 2876 462 2935 artificio
486 2875 576 2958 quale
601 2875 647 2933 his
672 2875 808 2933 versibus
837 2875 1018 2951 proponitur
1040 2883 1138 2934 totum
1161 2877 1267 2936 dolum

171 2986 287 3043 destrui
310 3002 380 3042 esse
402 2986 623 3044 necessarium:
646 3003 718 3042 nam
740 2984 765 3042 si
786 3001 907 3058 servom
928 3002 998 3042 cum
1020 2986 1163 3043 ducentis
1180 3004 1268 3044 num·

172 3095 228 3152 mis
251 3095 470 3171 Agorastocles
497 3095 625 3174 quaerit,
659 3094 802 3153 lenonem
833 3112 897 3152 non
925 3111 994 3153 eam
1020 3095 1060 3152 ob
1088 3111 1214 3157 causam
1236 3096 1268 3153 in

171 3205 219 3262 ius
241 3222 354 3263 vocare
375 3213 488 3281 potest,
511 3205 584 3280 quia
606 3223 675 3264 cum
698 3205 844 3263 trecentis
868 3221 988 3262 servom
1009 3204 1178 3263 retinuerit.
1227 3205 1268 3262 At

172 3314 196 3371 si
218 3313 463 3389 Agorastoclem
482 3312 564 3372 hunc
594 3315 701 3373 dolum
723 3315 865 3373 callidum
887 3322 1013 3390 putasse
1043 3322 1075 3371 et
1097 3314 1268 3372 advocatos

171 3424 317 3481 annuisse
340 3423 549 3493 concedimus,
582 3425 689 3500 quidni
712 3423 930 3499 Agorastocles
953 3431 1064 3498 postea
1096 3422 1128 3480 in
1155 3422 1267 3481 lenone

172 3531 358 3608 decipiendo
381 3550 419 3591 eo
442 3529 555 3591 utitur?
578 3534 709 3591 Accedit
724 3533 810 3608 quod
824 3533 1043 3610 Agorastocles
1066 3552 1093 3593 v.
1111 3534 1150 3592 23
1173 3534 1268 3590 advo-

172 3648 259 3699 catos
281 3642 427 3717 singulari
449 3658 576 3699 numero
605 3640 777 3718 alloquitur,
802 3643 1034 3701 cumomnibus
1052 3643 1161 3700 ceteris
1177 3641 1267 3699 huius

171 3768 305 3809 scaenae
337 3751 413 3810 locis
435 3752 542 3827 plurali
569 3770 696 3810 numero
725 3761 756 3810 et
781 3753 848 3828 ipse
875 3771 929 3811 eos
960 3753 1132 3828 alloquatur
1169 3760 1200 3810 et
1226 3751 1268 3808 illi

172 3835 383 3935 respondeant
405 3855 456 3938 (cf.
482 3859 647 3919 Clemmius
673 3880 748 3922 mus.
775 3862 860 3922 rhen.
892 3862 998 3920 XXIII
1021 3864 1092 3932 693,
1115 3862 1167 3938 qui
1188 3860 1268 3918 hanc

172 3966 212 4025 ob
244 3984 371 4026 causam
397 3954 543 4028 ‘censeo'
574 3988 601 4028 v.
637 3971 675 4029 18
709 3970 740 4027 in
763 3964 928 4046 ‘quippini‘
962 3967 1084 4047 mutat).
1144 3969 1269 4028 Certum

171 4074 261 4151 igitur
281 4076 354 4133 mihi
376 4079 497 4136 videtur
521 4078 588 4136 illos
611 4097 716 4138 versus
751 4097 813 4137 una
845 4098 915 4140 cum
936 4100 963 4141 v.
991 4082 1030 4141 29
1053 4081 1105 4159 qui
1139 4082 1181 4141 ad
1213 4097 1268 4141 eos

173 4184 297 4260 respicit
317 4195 428 4265 postea
451 4205 521 4248 esse
544 4188 694 4250 adiectos.
