2880 4808
707 282 739 334 11

171 458 373 545 intercedisse
406 459 477 517 inde
509 457 712 533 colligendum
743 466 800 527 est,
835 459 920 534 quod
943 459 1041 517 Plauti
1078 477 1190 518 nomen
1222 459 1270 518 hic

170 568 269 626 omitti
291 571 354 625 non
377 567 493 636 debuit,
527 566 577 625 ubi
606 568 646 624 de
668 567 792 626 nomine
816 568 935 629 fabulae
960 575 993 626 et
1013 577 1128 644 poetae
1151 555 1269 644 agitur'.

171 678 202 736 Si
223 687 366 756 patruum
377 675 665 752 Pultipbagonirlem
683 693 789 734 revera
805 675 945 734 Plautum
967 677 1113 752 prologus
1137 678 1271 748 dicebat,

170 789 238 865 ipso
259 788 384 846 nomine
405 805 469 844 non
491 793 557 843 erat
578 803 664 862 opus.
697 784 760 844 Sed
782 787 823 844 ob
837 786 919 845 illam
938 804 1030 862 quam
1044 786 1132 844 attuli
1146 805 1271 845 causam

172 896 274 954 facere
296 914 358 954 non
378 914 513 973 possum,
537 896 609 973 quin
633 906 735 973 spreta
747 896 895 956 Ritscheli
910 897 1088 955 coniectura
1106 893 1271 974 (parergon

171 1024 240 1081 pag.
264 1005 339 1078 205)
369 1005 400 1063 in
424 1005 572 1082 Gepperti
604 1005 788 1065 sententiam
818 1006 944 1066 abeam:
976 1015 1192 1065 anteversum
1217 1008 1257 1066 54

366 1116 477 1175 Latine
499 1115 633 1185 Plautus,
657 1124 780 1192 patruus
802 1115 1072 1192 pultiphagonides

171 1242 290 1298 paucos·
301 1243 405 1284 versus
423 1225 575 1284 excidisse
590 1225 754 1285 iudicantis
771 1224 903 1285 Casinae
918 1225 993 1301 prol.
1008 1227 1132 1285 31-33
1148 1224 1271 1284 similes.
1328 1295 1331 1299 Ι

171 1333 274 1408 Atque
301 1336 429 1393 alterum
454 1344 667 1410 argumentum
696 1333 844 1394 Daiatako
880 1335 946 1412 ipse
973 1334 1118 1393 refutavit.
1140 1334 1272 1393 Casiuae

171 1462 197 1502 v.
208 1445 248 1504 30
259 1461 316 1520 sqq
329 1429 481 1518 genuinos
494 1461 564 1502 esse
576 1452 703 1521 putans:
717 1462 787 1502 nam
798 1453 881 1502 certe
891 1452 964 1502 ante
971 1444 1102 1503 Casinae
1111 1443 1272 1519 prologum

170 1570 282 1610 nomen
295 1552 358 1609 eius
371 1569 433 1609 non
443 1560 492 1610 est
502 1552 738 1628 pronuntiatum.
772 1553 885 1611 Restat
897 1561 932 1611 ut
947 1554 987 1611 de
1003 1571 1065 1610 uno
1075 1550 1271 1610 Daiatzkonis

171 1670 352 1738 argumento
380 1662 491 1732 dicam,
527 1662 579 1738 qui
600 1680 670 1738 pag.
694 1664 734 1721 30
756 1680 791 1738 sq
816 1661 894 1720 haec
916 1663 1070 1737 adiungit:
1100 1651 1271 1722 ‘Noluimus

171 1773 202 1828 in
225 1771 480 1829 antecedentibus
501 1787 540 1828 eo
563 1780 742 1846 argumento
765 1771 819 1841 uti,
843 1773 926 1848 quod
949 1789 1053 1829 versus
1070 1772 1193 1831 50-58
1216 1789 1271 1846 pa·

169 1898 237 1938 rum
259 1898 327 1938 cum
351 1866 486 1938 versibus
508 1882 632 1940 46-49
654 1879 850 1949 conveniant,
875 1879 906 1936 in
929 1880 1039 1955 quibus
1060 1879 1156 1955 ipsius
1182 1897 1272 1954 argu·

171 1991 266 2048 menti
287 1989 440 2066 expositio
469 1990 664 2065 promittatur
691 1986 733 2066 (v.
756 1992 797 2049 50
820 1989 864 2047 sic
886 1989 987 2065 potius
1011 1989 1052 2046 ad
1088 1989 1271 2047 comoediae

172 2117 286 2156 nomen
310 2090 529 2157 transeundum
551 2106 617 2159 erat
640 2100 710 2155 »sed
729 2104 836 2155 antea
857 2097 955 2156 vobis«
980 2093 1029 2174 qs)
1052 2105 1085 2154 et
1099 2115 1203 2154 versus
1219 2099 1282 2156 48.-

170 2211 210 2268 49
246 2228 265 2266 a
293 2207 445 2266 sententia
477 2225 617 2267 versuum
649 2195 785 2268 55-58¹
803 2207 941 2284 proxime
972 2190 1099 2266 absint'.
1143 2206 1179 2263 In
1211 2224 1272 2281 qua

170 2317 435 2394 argumentatione
457 2315 605 2375 Dziatzko
633 2317 797 2376 manifesto
829 2316 948 2393 prologi
978 2316 1116 2376 versibus
1132 2383 1134 2387 ,
1152 2324 1272 2376 contra·

170 2427 256 2496 dicit,
280 2426 315 2487 cf.
338 2444 455 2504 quaeso
477 2427 535 2485 hos
559 2444 677 2498 versus:

177 2591 181 2608 ,
238 2539 278 2597 46
323 2537 363 2593 ad
385 2543 587 2612 argumentum
607 2547 689 2594 nunc
711 2536 875 2595 vicissatim
899 2536 969 2594 volo
991 2582 998 2596 .
1018 2581 1055 2596 ..

238 2648 279 2706 50
322 2647 378 2704 sed
399 2647 457 2705 nisi
480 2648 672 2705 molestumst
691 2666 794 2704 nomen
817 2648 892 2706 dare
914 2648 1000 2705 vobis
1022 2649 1100 2708 volo,

239 2758 278 2816 55
323 2774 420 2813 nomen
443 2756 504 2814 iam
518 2755 647 2826 habetis,
670 2775 751 2814 nunc
769 2757 899 2814 rationes
916 2762 1022 2814 ceteras

319 2865 457 2942 accipite,
479 2884 551 2923 nam
574 2872 776 2941 argumentum
799 2866 859 2924 hoc
881 2865 931 2923 hic
953 2867 1136 2926 censebitur.

270 2974 326 3033 His
349 2975 439 3051 igitur
460 2975 534 3033 locis
557 2991 671 3033 nomen
694 2968 816 3032 fabulae
845 2976 1042 3035 coniunctum
1068 2993 1136 3034 cum
1160 2976 1271 3032 ceteris

170 3083 340 3142 rationibus
370 3092 583 3158 argumentum
610 3085 651 3141 ad
681 3085 766 3160 quod
793 3102 880 3142 versu
909 3087 948 3145 46
978 3086 1122 3143 transitur
1151 3084 1273 3142 efficere

170 3193 261 3250 certis
275 3193 373 3251 verbis
389 3193 557 3251 indicatur:
574 3193 710 3269 sequitur
724 3192 833 3252 horum
845 3212 986 3253 versuum
1001 3195 1180 3270 scriptorem
1198 3212 1272 3252 con-

171 3303 249 3360 sulto
272 3301 328 3360 hos
345 3320 449 3362 versus
474 3303 657 3361 conexuisse
673 3321 743 3361 cum
762 3304 1029 3379 praecedentibus.
1064 3302 1106 3360 Vt
1126 3303 1217 3377 igitur
1232 3303 1272 3359 de

171 3411 217 3469 his
241 3412 378 3482 versibus
401 3412 547 3471 iudicium
567 3413 652 3471 brevi
676 3413 950 3489 comprehendam:
978 3433 1041 3471 non
1064 3430 1145 3489 nego
1168 3430 1273 3472 versus

173 3522 297 3580 50-58
318 3529 390 3597 post
412 3521 478 3579 illos
503 3503 656 3601 (46-49)
680 3523 851 3598 adscriptos
882 3540 951 3581 esse
973 3541 1076 3597 posse,
1103 3541 1175 3579 nam
1202 3530 1274 3597 post

169 3648 195 3688 v.
217 3632 257 3689 49
279 3630 352 3706 quin
373 3630 446 3707 apte
468 3650 494 3692 v.
518 3634 557 3692 59
581 3633 673 3690 inseri
694 3633 792 3708 possit
815 3650 907 3691 nemo
931 3633 1094 3702 dubitabit,
1117 3633 1174 3690 sed
1191 3650 1271 3708 quae

171 3747 254 3796 certa
277 3756 369 3797 causa
392 3759 450 3799 nos
473 3751 567 3816 cogat
594 3750 669 3801 uta
691 3743 891 3818 grammatico
914 3759 969 3799 eos
992 3742 1179 3817 compositos
1201 3759 1271 3800 esse

170 3849 340 3907 iudicemus
356 3867 415 3924 ego
438 3869 500 3908 non
522 3852 627 3909 video:
653 3852 745 3909 immo
761 3852 833 3927 quia
847 3852 907 3910 iste
921 3851 1015 3924 bomo
1029 3869 1133 3909 versus
1149 3854 1272 3912 46-58

169 3976 205 4014 ex
229 3959 356 4017 diversis
380 3959 455 4017 locis
478 3960 606 4018 collatos
629 3969 778 4035 quantum
797 3960 898 4037 potuit
919 3961 1087 4029 coniunxit,
1110 3963 1150 4019 ad
1173 3960 1271 4035 ipsam

169 4068 323 4126 actionem
338 4068 474 4144 aliquam
489 4070 749 4144 quandocumque
766 4069 849 4127 facta
871 4078 919 4128 est
934 4087 989 4128 eos
1012 4069 1185 4128 destinatos
1203 4086 1271 4127 esse

167 4185 252 4254 puto.
292 4177 361 4237 Hac
383 4179 415 4237 in
440 4180 594 4238 sententia
616 4197 643 4240 v.
665 4182 705 4241 57
729 4187 761 4238 et
776 4179 816 4241 58
838 4197 889 4239 me
910 4178 1092 4240 confirmant
1107 4179 1148 4236 de
1163 4178 1272 4258 quibus
