2880 4808
726 295 763 351 20

707 525 773 585 12.

293 693 330 754 1n
352 695 448 755 altera
470 712 592 765 scaena,
626 695 657 753 in
685 712 747 772 qua
769 695 937 770 genuinum
959 693 1100 755 Plautum
1119 713 1177 754 nos
1199 694 1292 771 plane

195 807 356 864 restituere
379 823 472 882 posse
497 822 598 881 paene
621 806 831 881 desperamus,
851 805 981 881 primum
1003 807 1044 863 ad
1070 822 1176 863 versus
1199 807 1237 865 36
1254 822 1291 880 sq

194 908 339 966 nonnulla
361 910 556 969 adnotemus.
601 907 702 966 Grave
723 908 804 965 enim
827 908 858 965 in
880 907 916 966 iis
937 909 1085 966 mendum
1108 907 1291 984 Spengelius

200 1018 318 1074 detexit
340 1013 393 1093 (de
409 1035 440 1073 re
462 1025 550 1076 metr.
573 1017 683 1074 cantic.
699 1015 797 1077 Plaut.
819 1034 891 1092 pag.
912 1012 1002 1093 215):
1024 1024 1190 1094 postquam
1212 1018 1292 1076 v.35

194 1127 351 1185 muriatica
375 1128 469 1197 olere,
491 1127 573 1185 salsa
594 1143 664 1185 esse
687 1127 805 1185 dictum
828 1127 880 1197 sit,
906 1145 975 1185 cum
997 1126 1043 1185 his
1065 1126 1207 1185 mulieres
1229 1143 1294 1184 non

196 1237 366 1312 comparari
387 1254 479 1312 posse
501 1237 573 1312 quia
594 1236 728 1296 insulsae
751 1238 819 1298 sint.
854 1237 917 1296 Sed
929 1254 1039 1313 neque
1062 1235 1206 1316 Spengqli
1227 1253 1295 1293 ver-

197 1363 285 1404 suum
308 1347 485 1404 emendatio
508 1345 580 1404 mihi
601 1345 711 1421 placet.
764 1345 843 1404 Nam
865 1355 935 1422 post
956 1364 1077 1404 versum
1099 1346 1137 1405 31

447 1447 576 1531 ‘cogita
600 1457 674 1514 item
705 1474 763 1514 nos
784 1452 951 1532 perhiberi'
975 1474 1031 1532 eqs

195 1567 365 1624 admodum
387 1566 513 1640 languet
533 1585 562 1622 v.
584 1567 641 1626 36:

336 1675 412 1732 item
434 1693 492 1732 nos
516 1692 629 1744 sumus,
653 1674 719 1734 eius
743 1674 866 1734 seminis
888 1675 1032 1734 mulieres
1056 1683 1136 1745 sunt,

194 1785 315 1842 etiamsi
351 1803 420 1842 cum
447 1783 614 1842 Ritschelio
650 1781 815 1859 (canticum
843 1783 971 1842 Poenuli
999 1783 1159 1842 Plautinae
1187 1801 1294 1842 emen·

196 1894 303 1951 datum
325 1911 395 1970 pag.
417 1892 474 1969 IV)
508 1894 635 1951 alterum
663 1895 855 1951 enuntiatum
883 1912 922 1951 ex
944 1894 1066 1952 cantico
1096 1893 1294 1970 seiungimus.

197 2000 361 2060 Praeterea
383 2019 484 2077 neque
507 2001 607 2060 salsae
628 2020 730 2077 neque
747 2003 879 2062 insulsae
902 2010 973 2060 sunt
987 2004 1129 2061 mulieres
1145 2021 1183 2060 ex
1197 2004 1295 2062 Ante·

192 2111 304 2169 rastilis
331 2111 486 2186 opinione,
519 2113 577 2169 sed
611 2111 678 2169 sine
707 2111 869 2182 munditia,
903 2113 945 2170 ita
973 2120 1008 2169 ut
1035 2113 1109 2169 item
1144 2131 1181 2172 ac
1214 2114 1296 2171 salsa

193 2220 352 2278 muriatica
375 2239 427 2278 eas
461 2221 570 2279 iterum
595 2221 767 2296 iterumque
798 2221 904 2278 lavari
923 2239 1052 2280 necesse
1081 2223 1134 2280 sit:
1178 2221 1209 2280 in
1235 2221 1295 2280 hoc

194 2330 285 2406 igitur
311 2330 404 2388 verbo
432 2330 620 2405 comparatio
651 2331 740 2391 inest.
784 2328 928 2406 Denique
951 2330 1044 2389 etiam
1066 2350 1093 2393 v.
1126 2332 1165 2391 38
1186 2331 1295 2388 melius

195 2456 265 2497 cum
280 2439 471 2497 Anterastilis
493 2438 593 2497 verbis
617 2439 821 2514 coniungitur,
846 2440 871 2496 si
893 2439 996 2496 statim
1016 2447 1090 2515 post
1112 2457 1138 2498 v.
1161 2441 1199 2499 35
1223 2456 1294 2515 pro·

195 2547 360 2610 nuntiatur.
405 2548 470 2606 Has
492 2549 534 2607 ob
557 2565 666 2606 causas
689 2567 716 2605 v.
734 2549 772 2607 36
796 2564 832 2625 sq
854 2547 1006 2606 delendos
1031 2565 1101 2605 esse
1122 2564 1272 2624 propone.

294 2656 444 2716 Graviora
465 2658 497 2716 in
518 2659 682 2718 nol-83
704 2657 817 2717 insunt.
852 2656 954 2731 Volgo
971 2675 999 2716 v.
1013 2658 1146 2718 51-62.
1172 2658 1294 2719 76-83

197 2765 247 2822 alii
271 2773 364 2841 atque
387 2775 506 2825 ceteros
530 2767 702 2825 recensioni
724 2766 778 2824 viri
799 2767 884 2824 docti
908 2765 1051 2834 tribuunt,
1075 2765 1114 2826 cf.
1136 2765 1295 2842 Hasperus

196 2875 215 2934 ll
237 2893 306 2951 pag.
331 2876 380 2936 28.
423 2876 601 2946 Muellerus,
634 2877 731 2937 addit.
765 2878 806 2934 ad
839 2894 921 2951 pros.
955 2893 1025 2951 pag.
1049 2877 1098 2936 63.
1147 2873 1296 2933 Goetzius

194 2995 255 3046 act.
289 2986 372 3061 Lips.
395 2986 440 3044 VI
460 3005 530 3062 pag.
554 2988 613 3048 265
647 3005 693 3063 sq.
746 2985 865 3044 Horum
890 2985 1019 3044 virorum
1054 2984 1227 3044 sententiae
1255 3002 1296 3042 ne

194 3094 345 3152 accedam
367 3096 399 3152 id
422 3096 614 3171 potissimum
635 3114 685 3154 me
706 3103 821 3166 movet,
845 3095 932 3171 quod
954 3095 1187 3170 Agorastoclem
1210 3102 1289 3170 post-

197 3220 289 3278 quam
310 3223 337 3265 ν.
354 3207 394 3265 49
417 3203 619 3280 Milphionem
641 3214 745 3265 tacere
768 3205 865 3275 iussit,
888 3213 923 3263 ut
946 3204 1169 3282 Adelphasium
1192 3222 1296 3264 amare

194 3310 224 3372 h.
249 3332 275 3373 e.
304 3314 398 3371 tacite
421 3322 561 3389 spectare
583 3323 690 3390 posset
712 3309 793 3392 (sine
816 3333 926 3384 amem,
960 3334 1001 3372 ne
1024 3309 1170 3394 obturba)
1193 3314 1296 3373 statim

196 3420 321 3496 longum
341 3439 513 3480 sermonem
536 3440 604 3480 cum
624 3422 795 3500 Milphione
816 3431 941 3482 nectere
971 3441 1034 3481 non
1057 3424 1167 3484 decet:
1203 3424 1295 3481 immo

195 3539 411 3606 exspectamus
426 3532 479 3591 ubi
493 3532 622 3608 Milphio
639 3541 722 3591 tacet
745 3542 778 3592 ut
793 3534 1014 3609 Agorastocles
1030 3533 1139 3591 iterum
1154 3531 1296 3591 mulieres

196 3642 423 3718 contempletur
444 3650 477 3700 et
499 3642 689 3719 sapientibus
712 3662 819 3703 eorum
833 3644 1025 3703 sermonibus
1041 3644 1203 3712 auscultet,
1226 3660 1296 3701 cum

194 3751 378 3825 praesertim
399 3751 460 3809 iam
484 3770 511 3811 v.
534 3753 575 3811 44
591 3760 623 3810 et
636 3754 675 3812 45
701 3752 794 3810 verba
816 3752 909 3810 laude
930 3752 1021 3828 plena
1047 3751 1198 3813 effuderit.
1232 3751 1295 3810 Sed

194 3859 226 3918 in
245 3860 319 3935 ipsis
342 3861 386 3918 eis
409 3860 510 3918 verbis
533 3877 613 3936 quae
635 3860 696 3919 iam
718 3859 940 3936 Adelphasium
962 3859 1096 3936 loquitur
1118 3879 1144 3922 v.
1166 3861 1291 3921 52-58

196 3967 326 4025 duarum
343 3969 557 4027 recensionum
572 3969 700 4045 vestigia
716 3969 856 4028 facillime
870 3976 1044 4039 cernuntur,
1060 3969 1167 4028 confer
1177 3986 1295 4047 quaeso

195 4076 252 4135 hos
275 4095 393 4138 versus:

279 4205 305 4246 v.
328 4190 368 4248 54
390 4189 542 4264 prosedas
