2880 4808
711 320 727 372 7

171 497 201 553 id
226 498 310 573 quod
333 496 442 555 fecisse
463 513 647 573 praeconem
668 515 686 555 e
708 516 734 556 v.
759 499 796 556 16

363 624 423 682 age
444 624 526 665 nunc
550 606 669 665 reside
700 627 703 631 ·

172 716 253 772 clare
269 714 377 774 elucet.
407 714 477 773 Nou
498 714 590 772 video
611 732 665 773 cur
686 732 756 773 cum
767 714 906 790 Liebigio
930 715 998 790 quis
1014 715 1144 782 dubitet,
1168 724 1269 774 utrum

172 841 203 880 re
225 843 297 882 vera
318 825 395 882 haec
416 825 560 882 allocutio
581 824 742 901 praeconis
774 825 857 883 facta
884 843 924 883 an
953 826 1129 900 excogitata
1150 834 1269 883 tantum

172 941 204 990 et
222 933 292 991 ficta
306 934 354 993 sit.
387 932 467 991 Nolo
482 941 516 990 ut
531 933 715 993 sententiam
737 953 838 993 meam
854 934 1024 992 suffulciam
1035 950 1074 990 eo
1087 944 1268 1008 argumento

172 1041 226 1108 uti,
249 1041 333 1115 quod
354 1040 386 1098 in
408 1040 568 1098 Asinariae
588 1041 716 1118 prologo
739 1043 822 1100 idem
843 1042 994 1100 invenitur
1007 1045 1103 1100 usus:

250 1169 278 1209 v.
301 1152 321 1208 4
365 1149 431 1208 face
453 1151 594 1209 nunciam
618 1161 650 1209 tu
673 1170 786 1227 praeco
810 1169 933 1210 omnem
955 1153 1086 1210 auritum
1107 1152 1240 1228 poplum.

359 1277 422 1334 age
444 1277 527 1318 nunc
546 1261 662 1321 reside:
682 1278 757 1320 cave
778 1261 872 1319 modo
894 1278 933 1318 ne
955 1261 1070 1335 gratiis.

169 1370 215 1428 Ibi
236 1386 360 1445 quoque
380 1369 527 1445 prologus
560 1375 652 1427 antea
679 1376 869 1445 spectatores
894 1376 997 1426 tacere
1023 1368 1153 1426 iusserat
1181 1386 1208 1427 v.
1234 1370 1268 1426 1:

363 1478 422 1536 hoc
444 1479 527 1552 agite
549 1479 645 1549 sultis,
671 1486 874 1554 spectatores,
895 1478 1048 1537 nunciam.

170 1589 233 1647 Sed
272 1588 322 1647 hic
359 1588 503 1664 prologus
538 1587 628 1644 variis
664 1587 774 1663 pannis
806 1595 870 1645 tam
902 1587 996 1644 foede
1030 1594 1077 1643 est
1112 1594 1269 1654 consutus,

171 1707 205 1753 ut
219 1697 358 1755 dubitem
373 1715 445 1756 num
461 1713 594 1771 unquam
618 1697 649 1753 in
671 1713 784 1754 scaena
800 1697 902 1753 dictus
918 1697 956 1754 sit
964 1691 996 1770 ¹).
1027 1695 1154 1754 Poenuli
1168 1704 1269 1753 autem

172 1823 276 1864 versus
292 1808 413 1866 11-15
435 1806 522 1863 alteri
544 1805 644 1863 tribuo
667 1806 790 1874 actioni,
814 1823 876 1882 qua
895 1823 1017 1881 praeco,
1041 1807 1104 1863 nou
1119 1806 1184 1881 ipse
1199 1822 1269 1880 pro·

171 1917 258 1991 logus
282 1916 430 1992 populum
452 1915 631 1971 audientem
653 1914 777 1973 fecerat.
821 1915 988 1991 Antiquam
1010 1924 1115 1972 autem
1136 1923 1169 1972 et
1190 1914 1270 1972 hanc

170 2042 239 2084 esse
258 2014 438 2083 ‘audientia'
460 2022 544 2080 verbi
576 2040 648 2080 usus
678 2025 879 2101 demonstrat,
909 2025 994 2098 quod
1016 2023 1125 2082 Cicero
1148 2041 1269 2098 semper

172 2152 264 2193 sensu
287 2134 410 2209 passivo
433 2141 570 2212 usurpat,
592 2133 652 2190 hoc
675 2133 744 2190 loco
766 2133 867 2190 activo
890 2149 983 2191 sensu
1004 2134 1139 2208 positum
1160 2142 1209 2190 est
1231 2150 1270 2189 ex

171 2244 314 2318 analogia
335 2251 507 2300 ceterorum
530 2241 690 2298 verborum
712 2242 825 2299 eodem
844 2243 939 2299 modo
954 2241 1163 2309 formatorum,
1186 2240 1269 2299 velut

171 2352 330 2428 sapientia,
353 2351 500 2411 lubentia.
540 2350 705 2426 Aptissime
728 2351 789 2408 iam
810 2350 952 2425 procedit
976 2351 1073 2407 oratio
1097 2368 1122 2434 v.
1147 2352 1185 2410 16

362 2461 477 2519 bonum
499 2460 614 2518 lactum
636 2456 736 2532 esse2)
761 2460 865 2518 edicta
886 2467 921 2518 ut
943 2461 1071 2518 servetis
1093 2478 1173 2528 mea,

171 2574 224 2651 qui
248 2589 353 2630 versus
376 2581 440 2630 arte
463 2571 696 2646 coniungendus
717 2578 766 2627 est
786 2587 855 2627 cum
879 2589 906 2627 v.
928 2573 963 2629 4:

362 2681 467 2739 audire
489 2680 573 2737 iubet
596 2697 649 2737 vos
672 2679 834 2752 imperator
856 2678 1011 2736 histricus:

171 2795 286 2850 bonum
309 2791 391 2849 enim
413 2807 483 2848 esse
507 2789 631 2857 factum,
662 2796 696 2844 ut
717 2789 842 2845 servetis
872 2806 942 2846 mea
969 2789 1073 2846 edicta
1094 2789 1113 2846 i.
1136 2805 1164 2844 e.
1187 2806 1269 2865 quae

172 2919 232 2976 ego
264 2900 355 2957 edico
386 2915 441 2974 pro
474 2897 601 2973 imperio
632 2895 754 2953 histrico
786 2896 837 2972 (ci.
860 2915 887 2956 v.
910 2893 975 2969 44).
1019 2898 1187 2955 Enumerat
1209 2899 1270 2955 iam

171 3010 315 3086 prologus
345 3009 449 3065 edicta
479 3007 631 3082 quaedam
654 3005 770 3062 domini
792 3005 893 3078 gregis
917 3007 1051 3073 nomine,
1083 3023 1162 3081 quae
1184 3013 1267 3062 certo

172 3136 313 3176 versuum
334 3135 461 3175 numero
484 3135 503 3174 a
524 3123 620 3191 poeta
642 3132 711 3172 esse
734 3115 907 3190 composita
929 3115 1156 3190 perspiciemus
1181 3113 1206 3170 si
1225 3115 1267 3171 ul-

171 3310 369 3318 --—-.-——

277 3436 303 3500 1)
323 3435 508 3502 Praeterquam
528 3435 599 3500 quod
618 3451 709 3485 versus
726 3435 793 3485 1-3
807 3449 866 3483 cum
879 3433 931 3484 45
945 3449 998 3483 uon
1011 3442 1165 3495 congruunt,
1185 3449 1270 3499 neque

171 3530 363 3584 6.7et9.10
392 3532 515 3598 componi
540 3539 663 3598 possunt:
695 3532 751 3581 illis
778 3538 914 3597 praeterea
941 3530 1123 3593 adiungendus
1143 3537 1184 3580 est
1202 3547 1226 3582 v.
1245 3528 1271 3590 8,

171 3629 217 3694 qui
236 3635 290 3678 arte
309 3644 368 3678 cum
381 3628 414 3676 iis
433 3627 564 3690 cohaeret,
583 3626 631 3675 sed
645 3625 696 3675 nisi
716 3625 810 3675 saltem
829 3625 955 3675 nonnulla
972 3625 1006 3673 de
1024 3633 1177 3687 argumento
1192 3641 1271 3690 appo·

172 3731 268 3774 nuntur
287 3740 341 3773 non
357 3723 527 3786 intellegitur,
553 3717 684 3771 his‘hnic
703 3716 805 3771 nornen'
829 3730 855 3771 et
874 3736 941 3787 quae
962 3728 1094 3780 secuntur,
1123 3722 1186 3787 quia
1204 3720 1272 3771 haec

170 3821 253 3869 verba
272 3836 330 3869 curn
358 3815 395 3867 ‘id
415 3811 506 3867 dicam'
538 3817 631 3866 eodem
649 3831 726 3865 versu
745 3816 920 3867 continentur.
958 3816 1004 3864 Ad
1023 3816 1093 3865 hunc
1112 3815 1193 3879 igitur
1212 3831 1271 3880 pro-

171 3917 262 3980 logum
289 3931 443 3965 revocamur
460 3930 483 3964 v.
500 3912 576 3964 l-u.
590 3912 688 3977 9-15,
705 3929 784 3978 quem
800 3928 940 3977 numquam
955 3928 971 3961 a
982 3928 1115 3978 quoquam
1133 3912 1161 3960 in
1175 3927 1270 3961 scaena

170 4012 366 4080 pronuntiatum
394 3993 453 4060 esse
482 4016 553 4060 recte
582 4008 772 4059 demonstravit
789 4008 920 4058 Dziatzlro
944 4009 978 4058 de
1000 4009 1117 4074 prologis
1136 4009 1267 4060 Plautinis

171 4117 198 4160 et
214 4109 377 4177 Terentiams
398 4124 457 4173 pag.
477 4107 511 4159 20
532 4115 557 4158 et
577 4107 620 4159 21.

271 4204 298 4272 2)
319 4203 357 4256 sic
375 4205 491 4257 codices.
511 4205 660 4271 Geppertus
679 4203 763 4255 mule:
782 4205 882 4256 bouum
900 4202 991 4256 hercle
1012 4205 1119 4256 fuctum.
