2880 4808
692 308 710 362 9

154 488 246 546 saturi
277 485 413 546 venerint
439 485 522 542 bono
544 482 645 541 animo
674 483 705 539 in
726 483 874 540 subselliis
897 485 1041 552 sedeant,
1070 501 1137 540 nam
1159 483 1252 541 nimia

70 650 72 655 .
154 597 278 657 stultitia
299 605 355 665 est,
388 597 573 671 impransum
597 592 740 652 incedere
772 611 898 652 sessum.
941 593 1040 651 Immo
1067 611 1094 652 v.
1117 596 1135 653 9
1157 601 1188 652 et
1212 595 1252 652 10

121 720 128 726 ·
154 709 217 766 sive
240 707 279 765 ab
309 714 412 764 actore
435 705 498 763 sive
521 724 540 762 a
561 704 679 762 lectore
707 705 843 779 quodam
875 703 1008 780 appositi
1042 692 1184 760 'videntur
1211 704 1252 761 ad

152 837 179 877 v.
203 819 237 875 7:
263 816 315 892 qui
335 815 442 872 edistis
464 814 560 875 multo
583 813 697 872 fecistis
721 813 888 889 sapientius

265 943 336 982 nam
358 925 430 1001 quoi
451 933 590 1001 paratum
611 932 659 981 est
681 941 745 999 eqs.

154 1034 449 1111 Comprehendimus
471 1034 572 1091 iubis
598 1033 734 1091 versibus
756 1034 840 1091 idem
862 1032 1085 1109 interpretandi
1108 1033 1251 1103 studium,

153 1145 238 1219 quod
252 1138 428 1217 Loewiusl)
449 1143 481 1200 in
503 1160 593 1200 versu
611 1143 659 1209 14,
681 1159 739 1200 nos
761 1141 792 1200 in
814 1161 841 1203 v.
859 1145 898 1202 27
922 1143 1104 1203 deteximus.
1128 1142 1256 1220 Optime.

153 1270 224 1309 vero
247 1255 305 1312 v.'l
327 1260 358 1310 et
380 1254 399 1311 8
424 1253 576 1310 accedunt
599 1253 686 1311 adv.
700 1255 733 1312 6:
756 1251 841 1309 alteri
857 1251 1027 1326 laudantur,
1051 1253 1162 1310 alteros
1178 1270 1253 1311 con·

153 1362 268 1420 solatur
288 1361 468 1437 promittens
491 1361 609 1420 fabulas
631 1361 752 1437 pulcras
781 1362 944 1421 molestam
971 1362 1084 1420 famem
1106 1379 1175 1420 esse
1198 1363 1253 1420 de-

152 1473 290 1549 pulsuras
314 1466 593 1556 (cf.L0ewius11);
615 1471 720 1547 itaque
742 1473 860 1546 utrique
883 1471 966 1530 bono
990 1464 1093 1529 animo
1116 1470 1252 1530 fabulam

153 1589 302 1658 spectent.
347 1580 665 1657 Circumspicientibus
688 1597 749 1658 quo
771 1580 827 1639 bos
855 1598 961 1640 versus
983 1581 1152 1639 inseramus
1174 1581 1251 1656 opti·

153 1709 220 1749 mus
244 1692 362 1750 videtur
391 1707 460 1748 esse
482 1690 565 1749 locus
587 1698 660 1766 post
681 1709 708 1750 v.
732 1692 780 1760 20,
810 1690 853 1747 ita
874 1698 908 1747 ut
929 1699 1095 1766 postquam
1117 1690 1157 1747 de
1185 1690 1252 1764 ipsa

154 1819 266 1860 scaena
287 1802 407 1859 locutus
431 1809 480 1858 est
501 1800 657 1876 prologus,
688 1800 719 1857 hi
745 1801 786 1857 ad
812 1800 950 1875 singulos
978 1807 1167 1877 spectatores
1196 1800 1252 1857 ad·
1330 1838 1333 1845 ·

152 1912 327 1969 monendos
350 1911 523 1970 traducant.
558 1910 627 1968 Hoc
649 1910 744 1967 modo
767 1926 831 1966 non
852 1911 990 1985 ineptum
1011 1909 1117 1985 prioris
1132 1908 1252 1986 prologi

152 2021 246 2094 partis
269 2021 410 2077 ordinem
438 2020 631 2079 constituisse
652 2019 740 2077 nobis
762 2019 913 2079 videmur:
945 2027 1026 2077 certe
1055 2019 1185 2078 duarum
1206 2037 1252 2077 re-

154 2131 331 2188 censionum
355 2130 483 2204 vestigia
512 2131 659 2205 prologus
682 2147 755 2204 prae
783 2147 818 2187 se
841 2128 908 2197 fert,
939 2146 1012 2186 nam
1034 2137 1086 2186 aut
1105 2127 1251 2204 prologus

152 2240 219 2315 ipse
234 2238 422 2297 audientiam
444 2239 501 2297 sibi
523 2239 596 2298 fecit
617 2234 658 2316 (v.
681 2233 843 2316 1-4.16)
867 2246 920 2295 aut
942 2254 1128 2314 praeconem
1143 2255 1252 2295 vocem

153 2367 296 2408 exercere
318 2349 404 2407 iubet
425 2345 465 2425 (v.
489 2351 622 2424 11-15,
644 2352 673 2410 4.
698 2347 760 2425 16).
805 2350 957 2407 Secuntur
989 2348 1092 2406 edicta
1125 2348 1255 2423 impera·

152 2460 240 2517 toris:
273 2478 299 2518 v.
324 2461 446 2519 17-20
477 2459 529 2534 qui
558 2459 590 2515 in
611 2458 678 2534 ipsa
713 2475 826 2516 scaeua
860 2465 1016 2516 versentur
1047 2464 1100 2514 aut
1128 2472 1254 2513 munere

152 2569 295 2628 scaenico
318 2569 484 2644 fungantur
506 2567 702 2626 histrionibus
722 2584 762 2624 ne
785 2567 945 2624 molestiae
970 2566 1040 2636 sint,
1063 2584 1089 2625 v.
1108 2565 1198 2625 5-8.
1213 2566 1255 2624 ad

153 2687 345 2755 spectatores
369 2695 477 2735 omnes
500 2694 533 2734 se
556 2677 715 2745 convertit,
738 2696 766 2734 ν.
782 2679 906 2736 23—26
930 2678 972 2734 ad
987 2691 1102 2749 servos,
1127 2692 1154 2734 v.
1172 2677 1254 2734 28-

154 2789 191 2846 31
216 2787 258 2844 ad
280 2785 424 2854 nutrices,
448 2804 474 2844 v.
498 2785 622 2843 32-35
647 2784 688 2842 ad
709 2790 876 2854 matronas,
905 2801 932 2844 v.
955 2785 1079 2843 36-39
1101 2784 1144 2840 ad
1165 2782 1254 2841 ludo·

153 2914 219 2953 rum
250 2902 417 2965 curatores,
451 2914 478 2954 v.
505 2895 630 2954 40-43
664 2895 706 2951 ad
737 2894 912 2969 pedisecos.
956 2893 1121 2968 Aptissime
1152 2894 1254 2951 edicta

154 3006 337 3063 clauduntur
358 3024 385 3063 v.
407 3006 449 3063 44
473 2993 505 3062 et
526 3005 577 3077 45,
601 3003 757 3079 aptissime
781 3005 875 3061 etiam
896 3003 956 3062 hoc
978 3003 1046 3061 loco
1070 3003 1184 3060 dictum
1204 3011 1254 3060 est

154 3116 269 3171 bonum
290 3114 386 3171 hercle
408 3114 532 3172 factum.
575 3113 702 3171 Fallitur
721 3113 812 3188 igitur
831 3112 992 3189 Hesperus
1014 3113 1033 3170 ll
1055 3113 1086 3170 in
1108 3131 1134 3173 v.
1152 3114 1253 3173 1-16

158 3232 189 3281 et
205 3225 328 3284 17-45
352 3224 505 3299 duplicem
520 3223 732 3281 recensionem
754 3222 915 3298 indagans,
939 3224 1022 3298 quod
1043 3216 1083 3279 ‘et
1104 3221 1254 3279 simillimo

156 3334 216 3390 sint
237 3341 418 3408 argumento
441 3341 473 3390 et
496 3334 608 3391 eodem
630 3333 730 3409 gregis
753 3332 869 3391 domini
890 3340 1056 3407 praecepto
1077 3316 1169 3390 finiti'.

253 3443 440 3502 Accedimus
464 3444 524 3501 iam
553 3444 595 3501 ad
616 3463 643 3502 v.
667 3445 792 3503 46-58
819 3442 928 3519 quibus
951 3443 993 3499 ad
1015 3442 1114 3518 ipsum
1135 3441 1255 3499 fabulae

156 3561 368 3626 argumentum
402 3553 542 3612 transitio
573 3553 616 3621 fit,
650 3571 669 3610 a
690 3553 790 3610 multis
823 3560 897 3610 ante
928 3558 1087 3609 tractatos.
1137 3550 1254 3609 Primus

153 3661 310 3737 Liebigius
332 3659 417 3739 (pag.
441 3660 494 3739 36)
523 3663 598 3720 vidit
618 3663 755 3721 versibus
777 3664 901 3722 46-49
925 3661 955 3718 in
982 3661 1039 3719 hac
1065 3663 1254 3737 expositione

153 3773 255 3829 locum
278 3789 343 3828 non
366 3791 444 3843 esse,
467 3774 540 3849 quia
562 3757 746 3848 ‘remigrare'
776 3773 900 3831 verbum
921 3771 992 3830 huic
1013 3773 1091 3848 parti
1113 3789 1192 3847 quae
1213 3774 1256 3830 ad

153 3890 445 3957 argumentumnos
468 3884 606 3942 deducat
628 3892 734 3959 aptum
752 3901 814 3940 non
837 3883 885 3941 sit.
916 3883 980 3940 Sed
1002 3883 1089 3959 quod
1110 3881 1159 3938 ille
1181 3881 1254 3940 iude

130 3979 136 3986 ’
156 3991 277 4066 collegit
299 3978 450 4068 ‘migrare'
472 4010 542 4051 esse
564 3993 796 4062 restituendum,
818 3993 899 4050 bene
922 4009 972 4049 me
994 3991 1094 4049 iudice
1110 3989 1254 4048 refutavit

255 4217 280 4289 l)
300 4220 419 4274 analecta
437 4219 559 4274 Plautina
578 4219 649 4272 edita
667 4236 682 4272 a
700 4220 795 4286 Goeta,
813 4219 924 4287 Loewe,
943 4217 1053 4270 Schoell
1071 4231 1131 4283 pag.
1151 4215 1212 4270 206.
