2880 4808
699 274 734 326 40

166 449 374 507 retractatoris
396 467 521 507 manum
543 450 700 508 detexisse
722 450 795 509 mihi
818 451 944 512 videtur.
1004 452 1200 528 Argumentis
1223 453 1262 509 ab

167 576 206 615 eo
228 559 352 634 prolatis
374 577 467 618 unum
490 561 589 621 addo:
623 561 708 635 quod
730 579 757 620 v.
781 563 821 621 18
852 546 995 620 ‘contra'
1025 561 1263 637 praepositionis

167 685 291 725 munere
315 667 460 743 fungitur,
493 668 545 743 qui
567 685 639 726 usus
663 688 682 727 a
704 668 814 727 Plauto
846 670 965 728 alienus
997 678 1055 728 est.
1088 669 1158 727 Vna
1177 669 1208 726 in
1231 687 1263 726 re

168 777 381 835 Brachmanno
405 777 584 853 adstipulari
608 795 672 836 non
693 796 833 853 possum:
858 797 929 838 nam
951 799 977 840 v.
1005 781 1043 839 16

221 886 292 946 Ant.
306 895 336 944 et
350 886 422 943 mihi
442 888 566 962 quidem
582 887 694 945 minam
712 888 838 964 argenti.
871 889 905 949 L.
918 906 1004 946 sume
1016 888 1087 946 hinc
1105 889 1267 964 quidlubet

169 1014 260 1072 quem
283 996 458 1072 Geppertus
489 1006 520 1054 et
546 997 704 1074 Hasperus
732 998 921 1066 deleverunt,
954 1015 1056 1073 neque
1087 998 1140 1055 tali
1171 999 1265 1056 exitui

169 1107 291 1182 qualem
312 1107 360 1165 ille
383 1107 540 1165 constituit
561 1116 651 1183 aptus
673 1116 730 1177 est,
752 1108 785 1165 in
800 1125 892 1170 unam
919 1126 1061 1166 scaenam
1084 1109 1264 1167 coniunctus

169 1233 239 1273 cum
262 1233 287 1274 v.
312 1217 348 1275 ll
372 1224 404 1273 et
429 1219 481 1276 12:

777 1329 848 1387 Ant.
873 1329 953 1396 leno,
976 1328 1008 1385 in
1030 1327 1077 1386 ius
1100 1345 1163 1386 eas

430 1433 503 1510 Lyc.
527 1436 569 1492 de
590 1436 720 1511 prandio
743 1445 775 1494 tu
799 1437 888 1496 dicis:
920 1436 1048 1495 debetur
1071 1435 1164 1494 dabo.

169 1542 262 1600 Hunc
301 1550 404 1599 autem
442 1560 563 1601 versum
601 1541 667 1616 (16)
702 1545 727 1601 si
761 1545 911 1613 delemus,
955 1544 1060 1602 nescio
1100 1562 1192 1621 quam
1225 1546 1266 1603 ob

171 1669 296 1709 causam
329 1671 356 1710 v.
381 1654 418 1711 17
451 1652 503 1728 qui
536 1653 617 1711 bene
641 1672 709 1712 cum
732 1654 950 1730 praeeuntibus
972 1655 1036 1713 coit
1058 1654 1266 1715 excludamus,

169 1760 262 1818 Hunc
289 1761 380 1835 igitur
401 1761 532 1836 priorem
556 1763 672 1820 exitum
700 1763 863 1823 efficimus:
907 1763 936 1819 V
959 1765 987 1834 5,
1009 1765 1143 1822 36-52.
1185 1764 1214 1820 V
1237 1766 1266 1833 6,

172 1871 283 1929 1-15.
315 1872 363 1931 17.
388 1872 521 1930 22-34.

270 1979 336 2036 Iam
369 1979 443 2053 quid
474 1980 514 2035 de
545 1979 641 2037 altero
675 1980 758 2037 exitu
793 1981 832 2038 sit
867 1982 1066 2039 statuendum
1099 1982 1267 2043 videamus.

172 2091 355 2151 Pulcerrime
385 2091 468 2148 hunc
500 2089 584 2147 idem
612 2090 864 2148 retractationum
894 2090 1093 2166 investigator
1123 2109 1195 2150 acer
1228 2093 1267 2150 ab

172 2202 340 2258 alienorum
362 2199 474 2257 letibus
496 2200 647 2258 liberavit:
671 2218 698 2259 v.
724 2200 825 2259 6-15
850 2199 1016 2276 praecipue
1040 2218 1109 2258 eam
1131 2201 1171 2259 ob
1195 2219 1268 2259 cau·

173 2329 238 2369 sam
260 2330 279 2368 a
301 2311 409 2368 ceteris
432 2308 605 2383 seiungens
630 2310 716 2383 quod
740 2315 811 2365 ante
833 2326 859 2366 v.
876 2307 914 2367 16
938 2327 998 2384 quo
1022 2311 1151 2385 primum
1167 2311 1268 2385 Lycus

173 2421 304 2498 accedit,
328 2419 547 2494 Agorastocles
570 2436 639 2475 cum
659 2435 698 2481 eo
725 2418 859 2494 colloqui
873 2436 936 2477 non
958 2420 1065 2496 potuit
1098 2421 1161 2478 Sed
1176 2422 1269 2480 etiam

172 2531 203 2588 in
234 2530 293 2586 hac
324 2546 438 2587 scaena
470 2529 625 2604 paululum
657 2528 787 2585 discedo
822 2545 841 2585 a
867 2527 1070 2587 Brachmanni
1104 2532 1267 2590 sententia.

173 2636 252 2694 Nam
281 2654 350 2694 cum
382 2655 418 2694 ex
448 2656 473 2697 v.
497 2638 536 2694 22
570 2633 688 2710 (aurum
710 2632 809 2713 tuom)
843 2646 923 2696 etv.
947 2641 986 2697 24
1020 2639 1143 2698 eluceat
1175 2642 1269 2699 etiam

173 2748 270 2823 prima
292 2747 410 2805 lenonis
434 2747 525 2804 verba
548 2748 589 2804 ad
605 2746 840 2822 Agorastoclem
863 2742 947 2806 dicta
969 2767 1038 2808 esse
1061 2744 1132 2825 (per
1153 2769 1212 2827 ego
1237 2761 1269 2810 te

175 2865 228 2914 tua
249 2875 351 2932 genua
374 2874 439 2925 or0‚
464 2850 618 2932 obsecro),
641 2874 770 2914 necesse
792 2866 839 2916 est
851 2857 1085 2930 Agorastoclem
1107 2878 1212 2918 versus
1228 2863 1267 2919 25

174 2974 206 3023 et
228 2967 276 3035 26,
299 2967 347 3023 vel
369 2967 394 3024 si
416 2985 443 3027 v.
467 2969 506 3025 25
530 2985 599 3025 cum
630 2967 844 3026 Brachmanno
875 2969 1023 3039 delemus,
1056 2988 1084 3029 v.
1108 2971 1147 3029 26
1177 2971 1268 3046 loqui.

175 3074 231 3133 Cui
249 3077 454 3134 distributioni
478 3077 545 3153 ipse
567 3077 797 3136 Brachmannus
826 3077 1072 3155 adstipulabitur,
1104 3087 1270 3155 postquam

176 3184 348 3261 Stephanus
376 3185 395 3241 ll
428 3194 609 3261 argumento
642 3188 727 3245 nisus
757 3205 822 3245 non
851 3189 909 3245 levi
941 3189 1014 3264 quia
1044 3190 1272 3248 Antamonides

176 3303 347 3370 argentum,
363 3294 579 3369 Agorastocles
592 3313 697 3353 aurum
711 3295 842 3366 solverit,
860 3274 970 3355 'versus
981 3298 1019 3356 27
1034 3278 1125 3355 ‘heus
1135 3307 1170 3355 tu
1186 3297 1269 3357 leno’

175 3413 207 3462 et
228 3424 255 3462 v.
280 3407 319 3464 28
341 3404 426 3462 militi
441 3405 585 3466 reddidit.
641 3406 725 3464 Alter
746 3406 837 3480 igitur
859 3407 957 3465 exitus
973 3405 1019 3465 his
1035 3407 1170 3466 versibus
1196 3425 1270 3466 con·

176 3513 302 3574 tinetur:
325 3533 352 3574 v.
377 3514 467 3573 1-5.
493 3516 625 3574 16-24,
648 3515 686 3573 25
711 3510 771 3589 (vel
791 3511 938 3589 26)-51.

276 3625 344 3683 Iam
370 3630 438 3681 uter
468 3624 566 3681 exitus
599 3623 750 3697 genuinus
786 3624 825 3681 sit
860 3632 895 3682 ut
926 3624 1095 3685 diiudicare
1117 3624 1272 3701 possimus

176 3733 307 3810 primum
331 3732 470 3808 Langeni
501 3742 682 3807 argumento
716 3751 898 3791 esermone
933 3736 1031 3809 petito
1052 3743 1186 3795 utamur:
1220 3736 1274 3811 qui

176 3843 272 3919 symb.
301 3859 371 3918 pag.
399 3843 459 3902 218
491 3842 714 3900 demonstravit
736 3827 856 3919 ‘sequi'
887 3845 1012 3902 verbum
1046 3862 1139 3903 sensu
1172 3853 1271 3904 meta-

175 3952 299 4030 phorico
321 3957 499 4024 usurpatum
523 3967 542 4006 a
565 3949 672 4008 Plauto
700 3967 770 4008 esse
793 3950 943 4026 alienum
977 3968 1081 4009 versus
1102 3959 1208 4010 autem
1229 3953 1268 4010 32

460 4060 520 4119 litis
541 4076 654 4135 sequar
674 4061 706 4117 in
728 4059 830 4120 alieno
853 4059 970 4140 oppido
