2880 4808
703 263 739 315 98

168 445 305 502 versibus
326 445 374 503 97.
388 443 436 502 98.
474 440 652 517 Geppertus
675 438 874 515 transposuit,
895 455 960 496 non
980 445 1073 496 recte.
1106 434 1187 495 Nam
1209 453 1271 513 qua

168 554 286 611 ratione
319 552 540 628 explicabimus
572 550 658 625 quod
680 568 708 610 v.
735 550 775 607 98
797 546 1020 623 Adelphasium
1042 545 1117 604 dicit
1147 532 1272 603 ‘enicas

168 649 233 722 me’
255 672 287 721 et
314 670 462 737 sequente
485 661 619 718 eundem
642 658 803 735 alloquitur
826 636 1001 733 ‘sperate'i
1032 656 1080 714 vel
1113 655 1272 730 quomodo

165 762 286 831 ‘enicas
302 767 362 830 me'
381 770 602 845 coniungemus
615 787 685 827 cum
697 761 892 846 ‘priusquam
903 778 935 827 te
950 766 1023 827 mihi
1039 750 1273 840 desponderit'i

169 880 306 940 Necesse
329 881 419 957 igitur
441 888 489 937 est
511 898 537 939 v.
553 880 592 938 98
617 879 752 955 spurium
773 879 951 939 iudicemus.
984 878 1048 936 Sed
1062 893 1165 952 neque
1188 893 1215 935 v.
1232 876 1271 933 97

169 992 253 1049 omni
286 989 480 1048 dubitatione
511 997 609 1046 caret:
640 988 702 1045 iam
725 987 754 1043 V
777 989 804 1061 3,
841 988 880 1047 38
908 986 1022 1045 Hanno
1049 982 1274 1059 Adelphasium

168 1101 240 1160 licet
272 1101 433 1158 absentem
466 1100 624 1173 conceptis
656 1098 756 1155 verbis
778 1097 972 1173 Agorastocli
1005 1095 1187 1172 despondit:
1222 1095 1274 1169 qui

170 1212 260 1286 igitur
282 1210 307 1267 is
329 1208 388 1266 hoc
414 1225 502 1266 versu
525 1209 629 1265 dicere
652 1214 757 1282 potest
771 1195 969 1283 ‘priusquam
992 1215 1023 1264 te
1043 1205 1116 1264 mihi
1136 1206 1272 1282 despon-

170 1306 284 1378 derit'l
336 1318 490 1394 Equidem
517 1315 575 1375 hoc
604 1324 724 1375 tantum
755 1318 849 1374 modo
882 1334 1027 1375 scaenam
1055 1324 1193 1375 nostram
1220 1332 1272 1372 ex-

169 1430 282 1505 plicare
303 1445 430 1505 possum
463 1434 496 1485 ut
523 1436 554 1484 et
579 1428 618 1486 98
650 1435 681 1483 et
704 1429 742 1486 97
773 1426 935 1501 expunctis
964 1434 1037 1502 post
1064 1445 1092 1484 v.
1116 1427 1155 1483 96
1177 1424 1273 1483 Adel·

168 1538 307 1613 phasium
331 1546 486 1596 tacentem
501 1537 541 1593 ad
557 1536 792 1611 Agorastoclem
810 1553 844 1593 se
859 1544 987 1606 vertere,
1009 1544 1074 1594 tum
1085 1535 1274 1595 Hannonem

169 1668 195 1711 v.
219 1651 258 1708 99
283 1648 481 1722 pronuntiare
504 1654 646 1706 statuam.

270 1756 350 1814 Tum
374 1758 414 1813 de
434 1757 494 1814 fine
516 1774 649 1814 scaenae
671 1757 732 1814 iam
754 1756 904 1815 dubitavit
925 1754 1156 1813 Brachmannus
1187 1751 1273 1831 (pag.
1371 1824 1373 1829 ¹

171 1869 211 1926 76
233 1868 305 1926 adn.
330 1863 370 1941 1).
426 1867 466 1924 Et
491 1868 653 1924 molestum
676 1876 724 1924 est
747 1867 981 1942 Agorastoclem
1009 1873 1151 1941 patruom
1177 1882 1274 1940 spon·

169 1977 264 2033 sionis
287 1977 466 2045 admonere,
501 1994 603 2052 neque
630 1977 661 2033 in
683 1984 788 2033 nostra
821 1974 924 2034 fabula
943 1976 1033 2044 inest,
1061 1975 1146 2050 quod
1168 1973 1274 2032 ultimo

173 2102 260 2142 versu
284 2086 404 2156 dicitur,
427 2085 615 2143 Hannonem
640 2085 832 2159 Agorastocli
855 2086 962 2142 dotem
983 2083 1168 2159 promisisse.
1207 2081 1274 2140 Cir·

172 2195 383 2270 cumspicienti
410 2212 544 2270 quonam
566 2193 709 2251 referrem
729 2193 787 2251 hos
815 2211 918 2252 versus
946 2224 983 2234 -
1012 2211 1084 2252 nam
1110 2193 1221 2251 lacuna
1242 2193 1275 2251 iu

170 2305 221 2361 illa
244 2305 416 2380 sponsionis
441 2321 555 2362 scaena
579 2301 620 2378 (V
644 2305 672 2376 3,
692 2306 731 2363 37
754 2297 805 2380 sq)
827 2303 952 2360 omnino
968 2303 1050 2360 nulla
1071 2309 1176 2360 est-
1192 2319 1273 2359 unus

171 2430 204 2470 se
237 2414 381 2488 praebuit
404 2414 488 2470 locus
511 2412 540 2469 V
570 2415 599 2482 2,
623 2414 682 2492 119
718 2430 753 2488 sq
775 2429 836 2489 quo
858 2411 986 2489 Milphio
1008 2412 1196 2470 Hannonem
1218 2413 1275 2469 ad·

171 2532 277 2580 monet
299 2532 333 2580 ut
356 2522 551 2596 Agorastocli
572 2531 702 2598 patema
717 2523 800 2581 bona
822 2524 948 2591 reddat;
971 2521 1087 2580 Hanno
1103 2522 1275 2596 respondet

170 2633 263 2690 etiam
286 2650 342 2690 sua
364 2651 399 2689 se
421 2632 462 2690 illi
476 2634 626 2690 daturum
649 2650 719 2691 esse
746 2633 771 2690 si
795 2634 870 2708 quid
897 2651 931 2691 se
953 2633 1027 2692 suat.
1084 2629 1145 2703 Qui
1166 2648 1273 2688 versus

170 2757 239 2796 cum
261 2758 315 2814 per
344 2757 378 2797 se
401 2740 475 2798 satis
499 2714 560 2797 sint
579 2740 732 2798 mirabiles
753 2771 787 2781 -
802 2759 875 2797 nam
888 2757 1008 2798 servom
1030 2758 1085 2798 ero
1107 2748 1274 2815 praesente

171 2847 231 2907 hoc
253 2850 347 2907 modo
363 2867 433 2906 cum
455 2848 519 2906 eius
542 2858 651 2924 patruo
675 2850 809 2907 locutum
831 2867 900 2907 esse
916 2850 965 2907 vix
987 2851 1081 2907 credo
1107 2881 1142 2890 —
1166 2850 1273 2907 nescio

171 2977 211 3016 an
234 2958 362 3033 primum
392 2959 449 3034 ipsi
476 2958 536 3015 sint
562 2960 704 3035 appositi,
737 2967 801 3016 tum
830 2960 869 3017 ab
893 2960 952 3017 alio
974 2961 1025 3035 qui
1057 2958 1176 3016 illorum
1210 2978 1274 3017 non

172 3076 258 3125 recte
272 3068 454 3125 meminerat
476 3069 568 3125 etiam
592 3068 621 3124 hi
640 3069 700 3128 108
723 3078 754 3125 et
780 3068 846 3127 109.
882 3067 970 3140 Quae
990 3068 1166 3127 coniectura
1182 3085 1275 3144 quam

174 3176 289 3234 lubrica
319 3177 357 3234 sit
389 3194 491 3252 neque
520 3197 571 3235 me
595 3177 684 3251 sugit;
720 3195 792 3236 nam
814 3179 854 3234 de
889 3195 1022 3236 scaenae
1045 3178 1074 3234 V
1096 3180 1115 3236 2
1138 3176 1275 3236 versibus

171 3285 340 3342 intricatior
362 3295 410 3342 est
424 3285 578 3361 quaest10‚
600 3294 724 3343 nostrae
740 3294 844 3343 autem
867 3302 1004 3344 scaenae
1019 3304 1125 3345 versus
1148 3286 1274 3345 ultimos

172 3394 268 3451 nolim
290 3395 414 3454 obtrudi
436 3393 554 3456 Plauto.

433 3641 500 3704 DE
521 3639 750 3705 FABULAE
774 3641 1013 3708 EXITIBUS.

273 3822 321 3880 De
343 3825 477 3899 genuino
509 3823 635 3907 fabulae·
665 3834 789 3883 nostrae
812 3826 895 3883 exitu
921 3831 1104 3900 quaerentes
1137 3824 1168 3881 in
1196 3827 1275 3884 duas

173 3943 275 4009 partes
297 3934 508 3991 discesserunt
530 3934 583 3991 viri
606 3935 701 3994 docti.
751 3935 913 3993 Editorum
936 3935 989 4010 qui
1010 3950 1118 3992 omnes
1142 3933 1274 4008 priorem

175 4043 346 4101 Plautinum
367 4043 520 4118 putabant
541 4044 727 4101 sententiam
749 4061 768 4100 a
783 4043 921 4101 Lomano
936 4042 1042 4119 paucis
1064 4049 1274 4118 oppugnatam

176 4151 272 4231 (spec.
306 4153 368 4213 crit.
402 4172 473 4232 pag.
507 4147 560 4233 57)
599 4153 757 4229 Hasperus
790 4154 809 4211 ll
847 4153 1034 4251 argumentis
1072 4152 1274 4230 comprobare
