2880 4808
698 290 734 346 34

265 467 431 530 Praeterea
459 488 561 548 neque
580 455 688 529 ‘alias'
710 470 846 546 positum
870 488 927 547 pro
952 453 1102 528 ‘ceteras’
1124 467 1268 529 Plautum

167 582 255 657 sapit.
299 581 474 656 Draegerus
496 577 529 638 Ι2
549 598 619 656 pag.
638 581 698 640 104
721 598 758 656 sq
780 597 874 638 unum
900 579 1027 639 Terenti
1047 579 1135 638 affert
1155 580 1269 649 locum,

167 687 289 748 Phorm.
313 689 408 749 1020:

230 799 429 875 quamobrem
453 807 483 856 te
504 815 558 857 oro
581 808 615 856 ut
639 799 698 857 alia
722 797 805 858 facta
826 807 880 859 tua
902 806 973 856 sunt
995 815 1098 876 aequo
1120 798 1224 857 animo

1051 907 1111 966 hoc
1135 907 1226 978 feras,

167 1020 218 1096 qui
250 1021 331 1078 illum
363 1038 452 1079 usum
481 1039 545 1078 non
576 1020 673 1096 magis
700 1020 894 1079 demonstrat
923 1037 1016 1095 quam
1046 1019 1150 1078 similis
1178 1017 1269 1095 Capt.

167 1149 193 1192 v.
216 1131 290 1190 458:

252 1240 292 1297 ad
312 1238 435 1297 fratrem
456 1239 550 1296 modo
572 1232 656 1318 (ad)
678 1239 816 1315 captivos
839 1239 916 1297 alios
939 1239 1036 1296 inviso
1059 1253 1162 1306 meos;

169 1357 221 1406 aut
243 1348 323 1406 Enni
346 1350 406 1408 259
429 1365 464 1423 sq
488 1343 539 1426 (R.
561 1344 620 1423 12):

230 1476 268 1515 ea
290 1459 412 1516 libertas
435 1458 554 1534 estqui
576 1466 684 1534 pectus
707 1475 816 1533 purum
838 1465 870 1516 et
891 1457 1009 1515 firmum
1031 1455 1160 1532 gestitat

230 1568 307 1626 aliae
330 1585 378 1626 res
401 1567 591 1625 obnoxiosae
612 1575 704 1623 nocte
726 1567 755 1623 in
779 1567 909 1624 obscura
931 1568 1036 1626 latent.

176 1677 293 1736 Primus
316 1676 428 1735 Accius
450 1672 524 1752 (384
547 1671 586 1753 R)
606 1669 721 1733 ‘omnia
743 1667 812 1734 alia'
834 1676 1003 1752 componit:

230 1789 280 1863 qui
302 1788 360 1845 nisi
380 1789 524 1863 probrum
545 1786 648 1844 omnia
671 1786 729 1844 alia
752 1785 899 1844 indelicta
922 1785 1097 1854 aestimant,

168 1913 222 1972 pro
245 1914 307 1972 quo
330 1896 426 1955 Plaut.
452 1896 544 1956 Poen.
568 1895 597 1952 V
621 1899 649 1964 4,
674 1897 727 1955 10:

409 2007 493 2082 quod
515 2006 566 2082 pol
589 2006 698 2064 ceteris
719 2004 860 2063 omnibus
883 2005 1034 2066 factumst.

169 2116 259 2174 aliam
282 2116 431 2174 eiusmodi
450 2117 620 2174 iuncturam
642 2115 673 2173 in
696 2113 805 2176 Plauto
828 2132 891 2172 non
911 2110 1060 2193 inveni1).
1084 2115 1187 2192 Atque
1203 2115 1270 2190 ipse

169 2226 279 2283 Accius
301 2226 350 2282 ille
373 2243 489 2302 pragm.
513 2225 528 2282 I
552 2229 567 2284 1
593 2225 642 2302 (L.
664 2223 803 2304 Mueller)
826 2227 922 2286 haec:

831 2345 863 2394 et
884 2344 996 2394 cuncta
1018 2335 1081 2393 fieri
1102 2344 1206 2403 cetera

314 2445 466 2504 imbecilla
488 2447 528 2503 ob
550 2446 777 2522 ponderitatem
794 2447 1040 2523 gravitatemque
1062 2445 1203 2505 nominis.

169 2554 250 2612 Tum
272 2554 404 2612 Lucilius
425 2544 487 2612 ‘alii
510 2541 629 2613 omnes'
651 2564 762 2630 quater
783 2557 956 2631 componit:

244 2664 289 2721 Xl
312 2666 351 2723 23
374 2681 410 2739 sq
435 2659 510 2741 (M):
866 2664 949 2724 hunc
971 2664 1088 2723 Tullius
1110 2664 1236 2741 inquam

444 2775 539 2832 index
560 2773 708 2832 heredem
731 2773 813 2849 facit,
843 2782 875 2832 et
897 2774 1035 2832 damnati
1056 2774 1105 2832 alii
1127 2791 1246 2843 omnes,
1288 2756 1292 2763 ¹

232 2883 337 2941 XXIX
360 2885 418 2943 16:
442 2884 573 2959 ecpendi
595 2883 687 2958 longe
710 2901 804 2958 opera
827 2891 900 2940 ante
923 2883 982 2941 alia
1004 2884 1107 2940 omnia

361 2995 414 3052 58:
444 2994 526 3050 adde
553 2994 628 3052 alios
651 3010 758 3050 omnes
780 3010 850 3050 meo
873 2993 987 3068 periclo
1009 3011 1048 3050 ex
1070 2992 1178 3050 ordine

362 3103 414 3160 89:
438 3103 541 3160 omnia
564 3103 622 3161 alia
648 3104 679 3159 in
703 3101 811 3178 quibus
842 3100 1003 3160 ecferimus
1030 3101 1130 3172 rebus,
1168 3119 1208 3159 ne

888 3228 947 3285 ego
968 3210 1069 3269 multis
1090 3211 1208 3286 loquar.

167 3306 335 3379 ‘Ceterum'
350 3330 383 3379 et
399 3307 512 3380 ‘alium'
528 3322 750 3380 coniunxerunt
759 3320 946 3398 Pomponius
959 3329 991 3379 et
1001 3320 1117 3379 Novius
1133 3321 1272 3380 versibus

171 3431 346 3501 simillumis‚
370 3430 420 3489 ille
443 3450 471 3490 v.
494 3433 568 3491 182:

320 3558 444 3599 omnem
465 3548 601 3597 ceterum
623 3539 715 3598 alium
736 3541 918 3616 praeberem
938 3557 1063 3616 penum,

171 3647 220 3706 hic
242 3668 269 3708 v.
295 3650 368 3711 101:

320 3775 442 3815 omnem
465 3765 600 3816 ceterum
621 3758 710 3816 alium
732 3759 915 3833 praeberem
938 3758 1046 3818 cibum.

274 3914 297 3982 1)
316 3931 375 3966 narn
399 3917 482 3967 Poen.
502 3917 585 3975 1114,
608 3916 625 3968 8
653 3915 757 3982 ‘ibique
784 3915 887 3982 relique
905 3914 959 3965 alia
978 3912 1164 3966 labulabimnr’
1191 3914 1274 3966 verba

172 4018 295 4077 corrupta
313 4013 335 4062 si
354 4020 382 4061 ut
400 4013 512 4063 Kochio
544 4013 646 4079 (Fleck.
666 4030 726 4065 ann.
747 4014 823 4064 CVII
843 4010 906 4079 243>
934 4012 1021 4079 placet
1039 4012 1209 4063 emendamus
1227 4010 1275 4061 ‘ibi

172 4125 240 4175 quae
259 4118 320 4159 sunt
332 4108 439 4160 relicua'
457 4126 504 4176 eqs
524 4111 558 4161 ad
577 4126 608 4161 ea
627 4111 748 4177 exempla
766 4110 895 4160 accedunt
913 4125 981 4176 quae
1001 4125 1080 4176 supra
1098 4126 1130 4160 ex
1146 4108 1274 4159 Terentio

171 4206 267 4256 Plauto
285 4207 373 4256 Ennio
395 4207 610 4259 enumeravimus.
