2880 4808
706 299 739 362 lt

169 491 247 552 quos
268 482 322 533 aut
350 475 417 552 ipse
440 476 605 537 *detexisse
635 485 690 536 aut
722 478 771 535 ad*
787 494 864 554 quos
897 477 1125 555 intellegendos
1155 478 1269 554 aliquid

168 585 308 645 attulisse
329 585 404 646 mihi
423 586 539 646 videor.

683 799 748 858 ll.

267 989 333 1048 Iam
353 989 382 1048 in
399 1007 513 1049 scaena
530 991 625 1067 prima
646 991 777 1066 graviter
797 992 922 1050 offendo
943 993 973 1051 in
993 1011 1020 1052 v.
1045 995 1083 1054 31
1108 1011 1175 1070 sqq,
1198 995 1269 1070 quia

168 1099 392 1156 sententiarum
424 1100 502 1156 ordo
530 1117 637 1183 parum
669 1108 740 1176 apte
773 1101 974 1176 progreditur.
1028 1101 1107 1162 Nam
1139 1104 1268 1180 primum

170 1207 256 1283 quod
271 1207 491 1281 Agorastocles
508 1188 708 1286 aMilphione
730 1211 935 1286 interrogatus
955 1213 1125 1288 respondet
1144 1197 1268 1288 ‘cupio’

170 1311 210 1392 (v.
234 1318 283 1377 31.
308 1318 357 1377 33.
378 1313 442 1390 36.)
473 1317 544 1375 licet
576 1317 608 1374 in
629 1336 657 1376 v.
685 1320 724 1378 33
747 1319 887 1395 quadret,
921 1318 991 1394 quia
1012 1318 1140 1395 Milphio
1173 1320 1267 1377 semel

168 1426 288 1484 iocatus
305 1426 401 1484 verbis
422 1412 492 1484 ‘dic
505 1426 578 1485 mihi
590 1445 661 1486 vero
677 1415 773 1485 serio'
794 1428 968 1504 praemissis
984 1429 1140 1487 dominum
1156 1406 1267 1487 eadem

168 1522 259 1595 fovea
280 1538 425 1613 decipere
442 1536 559 1613 potuit:
580 1544 612 1594 at
633 1555 652 1595 a
674 1554 701 1596 v.
726 1539 765 1596 36
788 1539 881 1611 quam
901 1537 1033 1597 maxime
1055 1545 1104 1596 est
1124 1538 1266 1597 alienum.

169 1645 268 1720 Quasi
289 1654 382 1706 antea
403 1644 478 1704 nihil
503 1655 648 1722 expertus
676 1645 881 1705 sitdominus
910 1649 1024 1706 eodem
1054 1647 1147 1704 verbo
1178 1665 1267 1706 servo

169 1756 344 1832 respondet.
377 1755 459 1814 Tum
474 1755 637 1831 displicent
649 1755 758 1831 quibus
770 1756 868 1814 verbis
881 1757 1099 1841 Agorastocles
1115 1758 1267 1833 deceptus

168 1883 289 1924 servom
322 1839 498 1941 alloquitur:
522 1883 547 1925 v.
569 1867 608 1924 32
624 1883 717 1943 quam
731 1866 862 1925 maxime
883 1867 978 1927 iratus
997 1855 1066 1927 tabi
1088 1853 1267 1936 dierectus',

169 1994 196 2036 v.
227 1977 267 2036 35
296 1992 481 2051 quamquam
513 1975 635 2043 iterum,
656 1983 756 2033 tactus
789 1976 948 2035 mitissime
978 1961 1123 2038 ‘iocare'.
1179 1975 1267 2035 Haec

168 2092 332 2160 postquam
367 2085 574 2160 suspicionem
606 2084 678 2142 mihi
710 2094 871 2143 moverunt
899 2094 991 2144 aucta
1023 2103 1061 2145 ea
1092 2093 1141 2143 est
1166 2104 1193 2145 v.
1216 2087 1267 2155 35,

169 2194 265 2269 qualis
287 2194 317 2252 in
340 2193 499 2251 codicibus
521 2193 651 2252 traditus
674 2202 737 2253 est:

188 2304 225 2363 A.
242 2303 354 2362 locare.
377 2303 419 2363 M.
434 2304 485 2360 vin
502 2311 535 2361 tu
549 2303 630 2362 illam
646 2303 739 2361 hodie
753 2304 820 2362 sine
835 2306 951 2363 damno
966 2313 998 2363 et
1014 2305 1177 2380 dispendio
1192 2314 1246 2364 tuo

169 2413 318 2490 equibus
342 2394 518 2489 Geppertus
540 2413 711 2471 Acidalium
735 2399 850 2492 (divin.
871 2432 946 2490 pag.
973 2411 1047 2490 372)
1076 2422 1197 2473 secutus
1217 2407 1268 2472 ‘et

169 2507 349 2599 dispendio'
369 2522 484 2597 omisit;
506 2522 682 2581 Rassowius
702 2518 758 2596 (de
774 2522 874 2580 Plauti
893 2523 1090 2582 substantivis
1113 2523 1192 2584 thes.
1208 2519 1266 2599 Ill)

168 2633 283 2690 damno
316 2641 349 2690 et
381 2677 388 2694 .
423 2678 430 2692 .
467 2640 519 2690 tuo
555 2631 655 2709 (quod
691 2631 860 2707 adiungere
900 2629 1058 2710 neglexit).
1123 2632 1161 2691 Id
1199 2651 1267 2691 cum

168 2741 330 2800 Rassowio
352 2740 513 2799 consentio
536 2749 620 2811 certe
640 2726 836 2821 ‘dispendio’
858 2758 928 2799 esse
959 2717 1135 2802 tenendum.
1188 2741 1267 2801 Nam

169 2867 249 2926 quae
272 2850 312 2907 sit
333 2865 427 2907 causa
450 2867 503 2908 cur
522 2849 589 2925 quis
611 2849 653 2907 ad
672 2834 842 2908 ‘damnum'
863 2867 972 2908 vocem
993 2869 1085 2927 quam
1106 2851 1268 2910 usitatissi-

168 2977 250 3019 mam
269 2967 304 3017 ut
317 2959 473 3033 glossema
487 2960 637 3035 adiungat
658 2945 885 3035 ‘dispendium’‚
908 2962 994 3036 quod
1021 2962 1105 3040 apud
1127 2960 1267 3019 Plautum

169 3076 217 3126 ter
239 3065 336 3142 (Men.
351 3070 422 3129 485.
444 3066 539 3131 Merc.
560 3069 636 3145 prol.
658 3071 707 3130 30.
724 3065 788 3146 51),
812 3071 897 3146 apud
912 3069 1092 3129 Terentium
1106 3071 1153 3128 bis
1174 3068 1267 3147 (Eun.

169 3180 240 3239 929.
263 3176 341 3241 Hec.
365 3173 440 3255 795)
462 3179 623 3248 invenitur,
644 3180 787 3256 equidem
808 3198 872 3238 non
894 3181 994 3241 video.
1038 3181 1100 3239 Sed
1119 3165 1267 3239 ‘damno'

168 3288 291 3345 verbum
312 3305 353 3344 ne
375 3288 515 3346 additum
534 3289 668 3347 iudicem
689 3288 749 3348 hae
770 3307 820 3347 me
849 3289 1011 3365 prohibent
1033 3307 1156 3348 causae.
1207 3289 1269 3347 Cur

169 3397 219 3472 qui
250 3396 447 3473 dispendium
474 3416 529 3473 per
558 3398 704 3456 damnum
726 3398 984 3474 interpretabatur
1010 3401 1052 3457 ad
1071 3386 1268 3474 ‘dispendio'

168 3505 309 3563 adiunxit
328 3492 437 3564 ‘tuo'?
480 3507 611 3566 Accedit
629 3508 714 3583 quod
736 3507 845 3566 cornici
873 3507 1065 3566 substantiva
1088 3525 1157 3584 cum
1179 3526 1268 3583 prae·

168 3614 372 3690 positionibus
392 3601 493 3674 ‘cum'
514 3618 562 3676 vel
581 3601 683 3675 ‘sine’
705 3618 746 3674 ad
774 3617 904 3675 actionis
932 3624 1074 3675 eventum
1096 3618 1267 3693 exprimen-

169 3724 243 3782 dum
255 3724 418 3784 coniuncta
433 3726 477 3784 sic
492 3725 575 3783 nude
591 3743 707 3801 ponere
729 3745 793 3785 non
815 3734 938 3797 amant;
961 3725 999 3786 cs.
1015 3725 1092 3807 haec
1108 3727 1266 3803 exempla:

181 3874 183 3881 .
221 3850 332 3928 Amph.
357 3853 451 3912 1033:
474 3869 543 3912 cum
569 3852 702 3911 cruciatu
725 3861 780 3910 tuo
803 3852 900 3911 istaec
922 3852 1026 3922 hodie,
1048 3871 1150 3923 verna,
1174 3855 1267 3910 verba

1053 3961 1188 4020 funditas
1195 3978 1203 4032 ;

207 4069 293 4129 Asin.
317 4071 376 4130 129
400 4088 451 4146 sq:
474 4070 555 4128 bene
576 4070 706 4129 merenti
727 4069 844 4140 malas,
868 4071 948 4130 male
963 4072 1093 4130 merenti
1107 4072 1216 4130 bona’s

473 4191 506 4238 at
527 4180 609 4239 malo
632 4199 700 4240 cum
722 4189 785 4242 tu0.

1098 4303 1116 4353 2
