2880 4808
707 350 741 403 35

174 524 316 604 Denique
329 526 428 604 ipsum
443 527 568 585 verbum
580 513 707 585 ‘alium’
726 528 811 585 nullo
829 527 953 586 adiecto
968 545 1024 604 pro
1043 512 1171 586 ‘ceteri'
1186 545 1272 586 usur-

175 645 251 713 pant
268 634 384 696 Caesar
403 644 435 693 et
459 635 618 694 Sallustius
640 633 792 711 (Draeger
806 633 835 692 Ι2
857 632 940 712 105),
963 654 981 692 e
1004 636 1112 712 quibus
1131 635 1272 695 Caesaris

175 746 259 804 locus
280 746 310 804 b.
332 765 362 822 g.
385 745 474 804 141:
494 734 597 821 ‘quod
620 764 657 802 ex
680 746 746 804 aliis
770 745 799 804 ei
820 747 984 805 maximam
1007 746 1100 803 fidem
1122 731 1271 804 habebat'

173 865 279 915 nostro
306 857 405 914 versui
427 873 519 932 quam
547 858 678 914 maxime
710 865 759 914 est
792 856 968 931 propincus.
1022 855 1069 912 Ex
1103 854 1150 911 his
1182 855 1272 929 igitur

173 966 358 1041 argumentis
381 966 535 1024 concludo
560 967 627 1025 illos
651 983 754 1023 versus
778 983 796 1023 a
819 965 929 1023 Plauto
954 965 1178 1023 abiudicandos
1201 981 1270 1021 esse

175 1083 207 1133 et
227 1076 312 1134 alteri
336 1077 415 1151 parti
437 1077 549 1134 saeculi
571 1076 692 1152 septimi
718 1075 942 1133 attribuendus.
976 1074 1014 1134 V.
1030 1083 1134 1132 autem
1147 1076 1270 1133 20-24

175 1185 199 1241 si
221 1185 306 1242 deles
329 1194 412 1242 certe
432 1203 496 1242 nou
518 1186 616 1242 minus
637 1185 783 1242 reiciendi
814 1192 884 1241 sunt
907 1191 1073 1260 sequentes
1096 1179 1206 1260 (usque
1229 1184 1271 1240 ad

174 1311 201 1353 v.
238 1292 289 1368 30)
325 1295 397 1371 quia
437 1311 505 1351 cum
542 1294 599 1351 illis
634 1301 700 1350 arte
736 1293 914 1353 cohaerent.
983 1292 1135 1351 Secuntur
1166 1310 1270 1350 versus

175 1403 341 1477 suspiciosi,
374 1422 451 1479 quos
481 1404 541 1461 iam
567 1402 726 1478 Hasperus
749 1419 805 1460 suo
834 1410 868 1459 ut
890 1402 1011 1459 videtur
1040 1403 1104 1459 iure
1127 1401 1269 1461 exclusit:

173 1530 244 1571 nam
265 1512 393 1588 primum
404 1513 627 1591 Adelphasium
643 1513 736 1570 etiam
758 1512 829 1569 nihil
851 1513 892 1569 de
906 1529 1020 1586 genere
1035 1528 1092 1568 suo
1109 1513 1267 1587 comperit,

173 1639 241 1680 cum
269 1623 315 1680 his
342 1624 478 1681 versibus
509 1641 624 1698 genere
654 1623 809 1699 glorietur,
844 1631 909 1680 tum
940 1640 1060 1680 versum
1091 1623 1132 1681 34
1161 1621 1269 1678 melius

173 1731 363 1790 Anterastilis
407 1734 522 1791 diceret
555 1752 647 1810 quam
691 1732 920 1807 Adelphasium,
965 1749 1045 1807 quae
1077 1749 1190 1789 scaena
1212 1731 1268 1788 12

172 1841 311 1899 mulieres
333 1842 420 1898 nt'mti
447 1842 535 1918 poliri
562 1842 634 1900 satis
663 1842 815 1917 exposuit.
871 1840 980 1915 Itaque
1003 1840 1112 1898 Plauto
1143 1842 1270 1917 dignum

171 1951 355 2026 colloquium
387 1960 420 2010 ut
453 1952 646 2009 restituamus
676 1951 775 2008 versui
807 1949 897 2008 huius
926 1969 1058 2008 scaenae
1090 1953 1126 2009 19
1150 1968 1269 2009 versum

173 2061 212 2119 95
234 2061 446 2136 adiungamus.

268 2169 335 2228 Iam
357 2171 399 2227 ad
420 2170 547 2228 alteram
569 2188 703 2228 scaenae
728 2178 846 2246 partem
880 2163 913 2248 (a
935 2187 962 2228 v.
990 2169 1044 2245 41)
1067 2178 1269 2240 transeamus

169 2295 233 2336 non
247 2280 345 2337 minus
361 2279 574 2340 deformatam.
607 2280 652 2337 Ex
670 2297 811 2337 versuum
834 2279 942 2335 ordine
959 2296 1040 2353 quae
1057 2279 1269 2337 dubitationes

169 2404 227 2446 nos
249 2397 393 2446 moveant
415 2390 643 2464 explicabimus,

269 2498 316 2555 Ac
342 2498 470 2573 primum
502 2499 582 2556 inv.
606 2500 729 2558 42-52
759 2498 921 2555 offensioni
954 2505 1011 2567 est,
1046 2499 1131 2572 quod
1165 2499 1268 2556 denuo

168 2605 347 2682 Adelphasii
370 2607 539 2683 sapientiae
560 2608 621 2664 iarn
643 2607 716 2664 satis
747 2615 906 2682 spectatae
929 2607 1070 2682 exempla
1092 2624 1268 2683 proponun-

169 2723 223 2801 tur
239 2733 337 2791 eaque
365 2734 464 2773 rerum
487 2716 626 2773 ordinem
648 2716 867 2790 perturbantia.
920 2715 969 2772 An
991 2734 1054 2772 non
1075 2734 1167 2791 aegre
1190 2717 1268 2786 fera-

167 2841 236 2881 mus
257 2841 387 2882 necesse
410 2833 457 2882 est
478 2822 666 2882 Hannonem
689 2832 722 2881 et
743 2824 979 2898 Agorastoclem
1001 2825 1130 2900 primum
1153 2825 1269 2882 amicos

169 2949 205 2990 se
219 2935 366 3009 praebere
381 2943 474 3010 atque
496 2934 530 2991 id
544 2952 606 3010 quo
630 2934 771 3008 tendunt,
796 2942 829 2989 ut
842 2933 1012 2991 libertatem
1028 2941 1137 3009 parent
1150 2933 1267 3009 puelliS,

169 3043 287 3116 aperire
319 3043 372 3117 (42
395 3061 441 3121 sq,
465 3044 545 3101 clare
568 3062 595 3103 v.
619 3037 683 3121 48),
708 3051 773 3101 tum
797 3043 922 3100 demum
954 3044 1113 3101 consilium
1136 3043 1211 3100 inire
1235 3053 1269 3101 ut

167 3151 241 3209 ludo
274 3171 327 3210 eas
352 3148 508 3212 crucient?
557 3153 687 3211 Accedit
714 3154 800 3228 quod
822 3153 1032 3228 Agorastoclis
1059 3154 1157 3210 oratio
1180 3172 1206 3211 v.
1227 3154 1266 3212 49

168 3277 225 3335 sqq
256 3261 352 3319 multo
384 3263 492 3320 melius
527 3263 568 3320 ad
600 3264 731 3338 priorem
765 3280 896 3320 scaenae
930 3271 1049 3337 partem
1082 3262 1267 3338 adiungitur,
1363 3319 1365 3323 ,

168 3386 230 3444 qua
251 3369 365 3428 Hanno
388 3380 419 3429 et
440 3373 659 3447 Agorastocles
684 3373 794 3430 semoti
815 3391 833 3429 a
854 3371 960 3446 puellis
985 3389 1089 3430 earum
1112 3372 1266 3428 orationes

168 3480 364 3539 admirantur.
413 3480 523 3556 Neque
543 3466 686 3557 ‘patrue'
716 3499 741 3540 v.
766 3482 805 3540 49
836 3480 1053 3555 Agorastocles
1079 3480 1268 3538 Hannonem

168 3589 280 3665 alloqui
313 3598 429 3664 potest,
471 3591 543 3665 quia
577 3609 604 3648 v.
639 3592 677 3648 57
710 3590 761 3646 ubi
793 3591 922 3665 primum
954 3589 1175 3666 Adelphasium
1208 3589 1268 3647 hoc

169 3699 293 3756 verbum
315 3699 431 3756 audivit
453 3700 589 3776 quaerit:
619 3688 708 3757 tnum
730 3709 857 3775 patruos
889 3708 937 3757 est
960 3708 1031 3757 tuos
1060 3685 1146 3759 hic'?
1188 3698 1268 3756 Nam

169 3809 253 3883 quod
276 3809 344 3884 quis
376 3809 502 3884 obloqui
523 3809 622 3883 possit
644 3811 685 3866 ad
708 3828 802 3867 unum
824 3808 1012 3867 Hannonem
1045 3817 1108 3866 tam
1141 3809 1268 3865 remissa
1329 3858 1332 3863 .

169 3933 244 3974 voce
266 3916 345 3974 haec
365 3917 458 3974 verba
489 3916 687 3992 pronuntiata
719 3935 789 3976 esse
812 3926 845 3975 ut
867 3918 990 3993 puellae
1012 3936 1052 3975 ea
1074 3917 1180 3975 audire
1203 3935 1267 3974 non

168 4026 332 4100 potuerint,
370 4024 430 4083 hoc
463 4043 537 4083 sane
570 4027 610 4083 de
643 4026 780 4083 versibus
806 4027 843 4085 78
867 4034 899 4083 et
932 4029 970 4085 79
994 4022 1145 4083 ¹celeriter
1177 4026 1267 4083 dictis

167 4135 345 4209 negandum
374 4153 437 4192 non
465 4143 522 4199 est,
559 4134 669 4192 athos
692 4152 796 4192 versus
830 4126 908 4209 quos
932 4134 1151 4209 Agorastocles
1180 4134 1268 4210 quasi

169 4241 357 4318 triumphans
379 4244 548 4319 proclamat
571 4263 590 4301 a
610 4245 718 4319 puellis
740 4245 862 4301 auditos
886 4261 949 4300 non
970 4260 1038 4299 esse
1054 4243 1181 4300 credere
1203 4261 1267 4300 non
