2880 4808
711 316 743 368 13

170 488 334 570 Teuffelil)
357 492 552 553 coniectura:
583 492 667 554 locus
695 501 908 568 argumentum
926 493 1106 551 censendist
1128 509 1272 569 proscae-

170 605 263 664 nium.
323 603 399 661 Mihi
423 621 528 662 versus
549 603 723 678 adscriptus
747 603 868 659 videtur
890 602 930 660 ab
953 602 1065 682 aliquo,
1099 602 1151 678 qui
1179 604 1272 660 etiarn

171 713 274 788 plures
298 712 500 771 enarrationis
530 720 561 769 et
584 728 692 769 census
719 711 931 770 similitudines
953 729 1104 787 quaerens
1132 713 1273 791 adiunxit

169 841 230 903 quo
261 823 330 880 loco
358 829 570 897 argumentum
598 829 775 879 censeretur
810 817 856 893 (id
886 821 972 896 quod
1006 822 1150 896 prologus
1177 840 1203 882 v.
1231 825 1270 882 56

168 933 301 991 breviter
312 933 371 990 iam
383 931 571 990 indicaverat
582 930 693 989 verbis:
710 939 925 1005 argumentum
936 929 996 988 hoc
1008 929 1056 988 hic
1069 928 1268 1008 censebitur),

167 1041 322 1099 sententia
336 1058 391 1116 per
413 1057 447 1098 se
470 1040 544 1098 satis
566 1039 659 1110 bona,
694 1047 728 1097 ut
749 1040 801 1116 qui
822 1057 892 1097 eum
914 1040 957 1098 ad
979 1049 1101 1098 ceteros
1119 1049 1191 1116 apte
1214 1042 1271 1100 ad·

168 1151 281 1225 plicare
303 1151 411 1227 possit,
434 1148 504 1207 ilico
526 1149 555 1206 ei
580 1148 818 1225 adstipulaturus
840 1149 905 1211 sim.
939 1209 941 1213 ,

269 1259 331 1317 Sed
354 1267 388 1316 ut
409 1259 451 1316 ad
473 1259 506 1316 id
527 1259 700 1335 redeamus,
732 1259 816 1316 cuius
840 1275 934 1317 causa
963 1258 1066 1317 omnia
1087 1258 1167 1316 haec
1189 1275 1273 1316 com·

168 1369 297 1428 mentati
319 1384 438 1427 sumus:
460 1368 660 1444 perspicimus
676 1369 817 1427 consulto
840 1369 918 1425 inter
939 1386 974 1425 se
990 1368 1180 1443 compositos
1202 1385 1272 1425 esse

169 1487 263 1555 atque
286 1477 396 1536 festiva
411 1478 544 1552 imagine
565 1485 690 1535 ornatos
706 1496 733 1538 v.
746 1479 885 1538 46-58:
908 1477 1019 1535 hocine
1041 1477 1272 1552 grammaticum

169 1589 221 1664 qui
247 1606 309 1645 non
332 1587 458 1644 voluerit
476 1587 533 1643 nisi
555 1604 670 1644 nomen
688 1587 858 1662 adiungere
881 1586 1004 1645 fabulae
1021 1586 1131 1644 secisse
1144 1587 1271 1643 arbitra·

168 1694 252 1755 mur?
286 1697 356 1755 Hoc
378 1706 482 1754 autem
505 1715 542 1753 ex
566 1696 602 1754 iis
618 1714 699 1772 quae
712 1697 935 1772 disputavimus
960 1696 1104 1755 efficitur:
1128 1715 1167 1754 ex
1182 1697 1272 1754 variis

169 1809 305 1884 partibus
336 1781 522 1884 compositos
556 1825 627 1866 esse
660 1807 727 1864 illos
752 1823 869 1876 versus,
903 1788 954 1883 qui
989 1816 1109 1882 partem
1141 1807 1273 1882 priorem

169 1917 288 1993 prologi
310 1914 441 1996 (1-45)
474 1935 543 1976 cum
563 1927 650 1994 parte
672 1917 843 1993 posteriore
868 1917 1104 1990 coniungerent:
1132 1918 1216 1974 uude
1239 1918 1272 1974 id

169 2045 225 2103 pro
248 2034 333 2084 certo
357 2027 569 2086 concludimus
592 2029 670 2086 duas
697 2027 764 2084 illas
785 2035 890 2102 partes
912 2044 976 2083 non
997 2027 1111 2084 eodem
1132 2034 1271 2102 tempore

170 2138 212 2197 ad
234 2137 367 2194 eandem
389 2137 545 2195 actionem
568 2137 729 2210 confectos
752 2153 832 2206 esse,
864 2137 921 2194 sed
943 2136 1145 2215 posteriorem
1170 2137 1270 2212 pri0re

170 2263 241 2304 esse
264 2245 479 2319 antiquiorem3
498 2263 573 2303 num
594 2246 633 2302 ab
655 2245 722 2321 ipso
738 2245 848 2302 Plauto
870 2245 1011 2321 profecta
1033 2246 1072 2302 sit
1094 2239 1193 2320 (quod
1208 2263 1271 2302 non

171 2355 322 2412 recusavit
343 2354 500 2436 Liebigius
522 2348 556 2433 ll)
583 2354 704 2414 dehac
735 2373 768 2413 re
802 2373 878 2413 sane
906 2354 979 2412 licet
1001 2355 1151 2412 dubitare.
1208 2353 1272 2411 Sed

171 2464 328 2521 videamus
351 2473 500 2539 quantum
522 2465 647 2541 singulis
663 2465 798 2523 versibus
821 2464 1044 2542 perlustrandis
1066 2465 1270 2541 proficiamus.

272 2574 353 2650 Apte
385 2575 483 2632 oratio
512 2575 665 2650 procedit:
699 2575 829 2650 primum
860 2553 1005 2650 prologus
1039 2574 1079 2631 de
1108 2572 1271 2630 Hannonis

170 2683 260 2741 fratre
282 2685 419 2759 patruele
442 2693 535 2759 atque
550 2683 617 2742 eius
639 2682 700 2741 fillo
722 2683 856 2758 loquitur
873 2699 970 2764 usque
994 2682 1036 2740 ad
1057 2700 1083 2742 v.
1099 2685 1137 2742 78
1153 2678 1270 2758 (inquo

167 2782 216 2875 ‘in
227 2794 324 2851 illisce
337 2779 484 2851 aedibus'
498 2793 693 2852 retiuendum
708 2810 777 2851 esse
792 2802 824 2851 et
839 2793 890 2850 alii
905 2793 965 2851 loci
979 2792 1097 2850 docent
1106 2792 1189 2849 velut
1201 2789 1271 2853 Cas.

171 2903 246 2978 prol.
272 2905 320 2965 36.
354 2902 438 2964 Men.
462 2903 523 2962 620
554 2909 586 2959 et
614 2901 697 2960 bene
725 2901 845 2960 monuit
871 2902 906 2962 F.
929 2896 1111 2978 Schmidt2),
1143 2908 1208 2959 tum
1231 2901 1272 2958 de

172 3013 293 3071 duabus
315 3011 477 3071 Hannonis
501 3012 568 3070 tiliis
591 3029 689 3088 usque
712 3013 753 3070 ad
774 3030 809 3074 v.¹
823 3012 873 3081 95,
893 3011 1030 3086 denique
1052 3010 1092 3068 de
1115 3027 1220 3068 earum
1241 3010 1272 3067 in

171 3121 246 3180 urbe
269 3119 429 3196 Calydone
451 3119 521 3179 fatis
541 3137 640 3196 usque
661 3122 702 3179 ad
724 3139 751 3182 v.
776 3121 835 3181 115
859 3113 916 3199 (de
937 3120 1001 3180 fine
1021 3119 1099 3178 inita
1120 3114 1270 3196 agemus).

172 3229 332 3288 Nonnullis
365 3231 440 3289 locis
463 3231 608 3291 contiuua
630 3233 728 3290 oratio
748 3229 987 3306 interrumpitur:
1015 3229 1046 3287 in
1068 3228 1204 3287 versibus
1230 3229 1269 3287 62

171 3348 202 3396 et
225 3342 264 3398 63
287 3340 361 3397 nihil
382 3348 430 3397 est
457 3359 512 3399 cur
532 3341 737 3410 offendamus,
761 3341 895 3402 cIMen.
909 3359 936 3400 v.
946 3341 988 3421 ,45
1013 3356 1105 3414 quem
1123 3338 1270 3403 inlocum

171 3468 209 3506 ex
238 3457 345 3507 nostro
371 3449 477 3508 inserti
503 3450 656 3520 videntur;
692 3458 724 3508 at
746 3469 773 3511 v.
800 3451 927 3509 '79—-82
954 3466 1047 3524 quam
1082 3447 1270 3523 ineptissime

173 3559 390 3616 sententiarum
411 3577 525 3617 nexum
550 3560 742 3635 perturbant:
774 3560 805 3617 in
827 3577 854 3619 v.
877 3559 916 3617 83
939 3575 1041 3634 neque
1066 3542 1158 3615 ‘sed'
1177 3557 1270 3633 parti-

173 3667 261 3725 culae
281 3685 382 3744 neque
404 3676 476 3744 post
498 3686 619 3726 versum
642 3670 680 3728 79

404 3785 542 3844 revortor
563 3795 664 3836 rursus
687 3777 792 3835 denuo
813 3775 1031 3852 Carthaginem

169 3872 448 3962 ‘Carthaginiensi'
481 3887 574 3944 verbo
618 3886 702 3943 locus
741 3894 797 3945 est.
831 3885 958 3961 Optimo
1007 3885 1098 3960 igitur
1137 3886 1200 3942 iure
1239 3891 1271 3940 et

275 4126 302 4193 1)
322 4143 387 4178 mus.
408 4127 481 4178 rhen.
503 4127 634 4176 XXVIII
652 4141 711 4192 pag.
732 4109 793 4177 346.

272 4224 300 4291 2)
322 4233 422 4289 quaest.
441 4223 474 4272 de
493 4223 677 4290 pronominum
698 4223 842 4275 demonstr.
863 4221 953 4271 formis
972 4220 1058 4272 Plaut.
1076 4236 1137 4286 pag.
1156 4217 1198 4272 28.
