<?xml version="1.0" encoding="UTF-8"?>
<!DOCTYPE html PUBLIC "-//W3C//DTD XHTML 1.0 Transitional//EN"
    "http://www.w3.org/TR/xhtml1/DTD/xhtml1-transitional.dtd">
<html xmlns="http://www.w3.org/1999/xhtml" xml:lang="en" lang="en">
 <head>
  <title>
</title>
<meta http-equiv="Content-Type" content="text/html;charset=utf-8" />
  <meta name='ocr-system' content='tesseract 3.04.00' />
  <meta name='ocr-capabilities' content='ocr_page ocr_carea ocr_par ocr_line ocrx_word'/>
</head>
<body>
  <div class='ocr_page' id='page_1' title='image "./depoenuloplauti00schugoog_0013.png"; bbox 0 0 2880 4808; ppageno 0'>
   <div class='ocr_carea' id='block_1_1' title="bbox 709 284 741 338">
    <p class='ocr_par' dir='ltr' id='par_1_1' title="bbox 709 284 741 338">
     <span class='ocr_line' id='line_1_1' title="bbox 709 284 741 338; baseline -0.031 0"><span class='ocrx_word' id='word_1_1' title='bbox 709 284 741 338; x_wconf 81' lang='lat'><strong>12</strong></span> 
     </span>
    </p>
   </div>
   <div class='ocr_carea' id='block_1_2' title="bbox 147 441 1350 3391">
    <p class='ocr_par' dir='ltr' id='par_1_2' title="bbox 147 441 1282 1087">
     <span class='ocr_line' id='line_1_2' title="bbox 147 441 1281 539; baseline 0.002 -19"><span class='ocrx_word' id='word_1_2' title='bbox 147 441 149 445; x_wconf 7' lang='grc' dir='ltr'><strong>ἲ</strong></span> <span class='ocrx_word' id='word_1_3' title='bbox 174 480 249 520; x_wconf 90' lang='lat' dir='ltr'><strong>sane</strong></span> <span class='ocrx_word' id='word_1_4' title='bbox 272 461 394 520; x_wconf 83' lang='lat' dir='ltr'><strong>difficile</strong></span> <span class='ocrx_word' id='word_1_5' title='bbox 424 471 473 521; x_wconf 90' lang='lat' dir='ltr'><strong>est</strong></span> <span class='ocrx_word' id='word_1_6' title='bbox 499 462 649 520; x_wconf 88' lang='lat' dir='ltr'><strong>iudicare:</strong></span> <span class='ocrx_word' id='word_1_7' title='bbox 683 470 766 521; x_wconf 90' lang='lat' dir='ltr'><strong>certe</strong></span> <span class='ocrx_word' id='word_1_8' title='bbox 794 463 872 521; x_wconf 81' lang='lat' dir='ltr'><strong>falsa</strong></span> <span class='ocrx_word' id='word_1_9' title='bbox 898 472 946 522; x_wconf 90' lang='lat' dir='ltr'><strong>est</strong></span> <span class='ocrx_word' id='word_1_10' title='bbox 973 481 1066 539; x_wconf 86' lang='lat' dir='ltr'><strong>quam</strong></span> <span class='ocrx_word' id='word_1_11' title='bbox 1088 461 1281 522; x_wconf 88' lang='lat' dir='ltr'><strong>Ritschelius</strong></span> 
     </span>
     <span class='ocr_line' id='line_1_3' title="bbox 173 567 1279 654; baseline 0.004 -25"><span class='ocrx_word' id='word_1_12' title='bbox 173 573 299 649; x_wconf 91' lang='lat' dir='ltr'><strong>protulit</strong></span> <span class='ocrx_word' id='word_1_13' title='bbox 337 572 548 649; x_wconf 82' lang='lat' dir='ltr'><strong>interpretatio</strong></span> <span class='ocrx_word' id='word_1_14' title='bbox 594 572 726 649; x_wconf 83' lang='lat' dir='ltr'><strong>(parerg.</strong></span> <span class='ocrx_word' id='word_1_15' title='bbox 763 591 833 650; x_wconf 83' lang='lat' dir='ltr'><strong>pag.</strong></span> <span class='ocrx_word' id='word_1_16' title='bbox 872 567 948 654; x_wconf 79' lang='lat'>210)</span> <span class='ocrx_word' id='word_1_17' title='bbox 993 574 1080 633; x_wconf 87' lang='lat' dir='ltr'><strong>nisus</strong></span> <span class='ocrx_word' id='word_1_18' title='bbox 1115 572 1279 651; x_wconf 85' lang='lat' dir='ltr'><strong>Turneb0‚</strong></span> 
     </span>
     <span class='ocr_line' id='line_1_4' title="bbox 176 681 1281 751; baseline 0.001 -11"><span class='ocrx_word' id='word_1_19' title='bbox 176 682 343 751; x_wconf 84' lang='lat' dir='ltr'><strong>Gronovio,</strong></span> <span class='ocrx_word' id='word_1_20' title='bbox 365 682 515 742; x_wconf 86' lang='lat' dir='ltr'><strong>Acidalio.</strong></span> <span class='ocrx_word' id='word_1_21' title='bbox 570 681 650 743; x_wconf 89' lang='lat' dir='ltr'><strong>Nam</strong></span> <span class='ocrx_word' id='word_1_22' title='bbox 676 682 825 741; x_wconf 88' lang='lat' dir='ltr'><strong>iuratores</strong></span> <span class='ocrx_word' id='word_1_23' title='bbox 858 701 922 741; x_wconf 91' lang='lat' dir='ltr'><strong>non</strong></span> <span class='ocrx_word' id='word_1_24' title='bbox 951 700 1023 743; x_wconf 84' lang='lat' dir='ltr'><strong>esse</strong></span> <span class='ocrx_word' id='word_1_25' title='bbox 1049 700 1197 742; x_wconf 85' lang='lat' dir='ltr'><strong>censores</strong></span> <span class='ocrx_word' id='word_1_26' title='bbox 1221 682 1281 741; x_wconf 87' lang='lat' dir='ltr'><strong>sed</strong></span> 
     </span>
     <span class='ocr_line' id='line_1_5' title="bbox 176 792 1282 869; baseline 0.001 -18"><span class='ocrx_word' id='word_1_27' title='bbox 176 810 339 851; x_wconf 90' lang='lat' dir='ltr'><strong>censorum</strong></span> <span class='ocrx_word' id='word_1_28' title='bbox 353 792 507 852; x_wconf 88' lang='lat' dir='ltr'><strong>ministros</strong></span> <span class='ocrx_word' id='word_1_29' title='bbox 528 801 611 851; x_wconf 89' lang='lat' dir='ltr'><strong>recte</strong></span> <span class='ocrx_word' id='word_1_30' title='bbox 626 810 812 869; x_wconf 86' lang='lat' dir='ltr'>perspexere</span> <span class='ocrx_word' id='word_1_31' title='bbox 827 811 897 851; x_wconf 89' lang='lat' dir='ltr'><strong>cum</strong></span> <span class='ocrx_word' id='word_1_32' title='bbox 914 792 966 851; x_wconf 90' lang='lat' dir='ltr'><strong>alii</strong></span> <span class='ocrx_word' id='word_1_33' title='bbox 986 800 1053 851; x_wconf 90' lang='lat' dir='ltr'><strong>tum</strong></span> <span class='ocrx_word' id='word_1_34' title='bbox 1068 792 1282 852; x_wconf 89' lang='lat' dir='ltr'><strong>Mommsenus</strong></span> 
     </span>
     <span class='ocr_line' id='line_1_6' title="bbox 175 902 1163 979; baseline 0.005 -21"><span class='ocrx_word' id='word_1_35' title='bbox 175 903 230 964; x_wconf 87' lang='lat' dir='ltr'><strong>iur.</strong></span> <span class='ocrx_word' id='word_1_36' title='bbox 253 902 335 979; x_wconf 89' lang='lat' dir='ltr'>publ.</span> <span class='ocrx_word' id='word_1_37' title='bbox 359 903 447 963; x_wconf 90' lang='lat' dir='ltr'><strong>Rom.</strong></span> <span class='ocrx_word' id='word_1_38' title='bbox 471 903 542 962; x_wconf 91' lang='lat'><strong>111</strong></span> <span class='ocrx_word' id='word_1_39' title='bbox 566 919 637 978; x_wconf 84' lang='lat' dir='ltr'><strong>pag.</strong></span> <span class='ocrx_word' id='word_1_40' title='bbox 661 903 733 969; x_wconf 83' lang='lat'>335,</span> <span class='ocrx_word' id='word_1_41' title='bbox 757 902 919 962; x_wconf 85' lang='lat' dir='ltr'><strong>conferens</strong></span> <span class='ocrx_word' id='word_1_42' title='bbox 942 902 1027 961; x_wconf 89' lang='lat' dir='ltr'><strong>Trin.</strong></span> <span class='ocrx_word' id='word_1_43' title='bbox 1049 920 1077 964; x_wconf 84' lang='lat' dir='ltr'><strong>v.</strong></span> <span class='ocrx_word' id='word_1_44' title='bbox 1101 903 1163 965; x_wconf 83' lang='grc'><strong>878</strong></span> 
     </span>
     <span class='ocr_line' id='line_1_7' title="bbox 278 990 1141 1087; baseline 0.001 -17"><span class='ocrx_word' id='word_1_45' title='bbox 278 1029 388 1070; x_wconf 89' lang='lat' dir='ltr'><strong>census</strong></span> <span class='ocrx_word' id='word_1_46' title='bbox 412 1029 505 1087; x_wconf 91' lang='lat' dir='ltr'><strong>quom</strong></span> <span class='ocrx_word' id='word_1_47' title='bbox 525 1029 602 1082; x_wconf 89' lang='lat' dir='ltr'><strong>sum,</strong></span> <span class='ocrx_word' id='word_1_48' title='bbox 625 1012 749 1070; x_wconf 91' lang='lat' dir='ltr'><strong>iuratori</strong></span> <span class='ocrx_word' id='word_1_49' title='bbox 771 1021 855 1070; x_wconf 88' lang='lat' dir='ltr'><strong>recte</strong></span> <span class='ocrx_word' id='word_1_50' title='bbox 876 1013 1027 1071; x_wconf 90' lang='lat' dir='ltr'><strong>rationem</strong></span> <span class='ocrx_word' id='word_1_51' title='bbox 1049 990 1141 1082; x_wconf 83' lang='lat' dir='ltr'><strong>dedi,¹</strong></span> 
     </span>
    </p>

    <p class='ocr_par' dir='ltr' id='par_1_3' title="bbox 171 1121 1350 3391">
     <span class='ocr_line' id='line_1_8' title="bbox 177 1121 1283 1195; baseline 0.005 -17"><span class='ocrx_word' id='word_1_52' title='bbox 177 1131 208 1179; x_wconf 89' lang='lat' dir='ltr'><strong>et</strong></span> <span class='ocrx_word' id='word_1_53' title='bbox 231 1122 294 1182; x_wconf 87' lang='lat' dir='ltr'><strong>Liv.</strong></span> <span class='ocrx_word' id='word_1_54' title='bbox 321 1121 456 1179; x_wconf 88' lang='lat' dir='ltr'>XXXIX</span> <span class='ocrx_word' id='word_1_55' title='bbox 482 1124 533 1195; x_wconf 86' lang='lat'><strong>44,</strong></span> <span class='ocrx_word' id='word_1_56' title='bbox 557 1124 594 1181; x_wconf 81' lang='lat'><strong>2:</strong></span> <span class='ocrx_word' id='word_1_57' title='bbox 629 1131 810 1180; x_wconf 88' lang='lat' dir='ltr'><strong>ornamenta</strong></span> <span class='ocrx_word' id='word_1_58' title='bbox 837 1131 869 1180; x_wconf 88' lang='lat' dir='ltr'><strong>et</strong></span> <span class='ocrx_word' id='word_1_59' title='bbox 898 1131 1017 1180; x_wconf 89' lang='lat' dir='ltr'><strong>vestem</strong></span> <span class='ocrx_word' id='word_1_60' title='bbox 1036 1122 1214 1181; x_wconf 85' lang='lat' dir='ltr'>muliebrem</span> <span class='ocrx_word' id='word_1_61' title='bbox 1248 1132 1283 1183; x_wconf 87' lang='lat' dir='ltr'><strong>et</strong></span> 
     </span>
     <span class='ocr_line' id='line_1_9' title="bbox 177 1228 1282 1308; baseline 0.004 -20"><span class='ocrx_word' id='word_1_62' title='bbox 177 1231 315 1291; x_wconf 87' lang='lat' dir='ltr'><strong>vehicula</strong></span> <span class='ocrx_word' id='word_1_63' title='bbox 337 1249 416 1307; x_wconf 89' lang='lat' dir='ltr'><strong>quae</strong></span> <span class='ocrx_word' id='word_1_64' title='bbox 446 1232 538 1308; x_wconf 89' lang='lat' dir='ltr'><strong>pluris</strong></span> <span class='ocrx_word' id='word_1_65' title='bbox 562 1249 655 1307; x_wconf 92' lang='lat' dir='ltr'><strong>quam</strong></span> <span class='ocrx_word' id='word_1_66' title='bbox 677 1232 735 1290; x_wconf 93' lang='lat' dir='ltr'><strong>XV</strong></span> <span class='ocrx_word' id='word_1_67' title='bbox 766 1231 881 1290; x_wconf 89' lang='lat' dir='ltr'><strong>milium</strong></span> <span class='ocrx_word' id='word_1_68' title='bbox 907 1232 986 1291; x_wconf 91' lang='lat' dir='ltr'><strong>aeris</strong></span> <span class='ocrx_word' id='word_1_69' title='bbox 1009 1240 1123 1302; x_wconf 89' lang='lat' dir='ltr'><strong>essent,</strong></span> <span class='ocrx_word' id='word_1_70' title='bbox 1158 1228 1282 1307; x_wconf 88' lang='lat' dir='ltr'><strong>[decies</strong></span> 
     </span>
     <span class='ocr_line' id='line_1_10' title="bbox 174 1335 1281 1419; baseline 0.003 -21"><span class='ocrx_word' id='word_1_71' title='bbox 174 1335 284 1419; x_wconf 90' lang='lat' dir='ltr'><strong>pluris]</strong></span> <span class='ocrx_word' id='word_1_72' title='bbox 308 1340 338 1398; x_wconf 92' lang='lat' dir='ltr'><strong>in</strong></span> <span class='ocrx_word' id='word_1_73' title='bbox 361 1359 488 1399; x_wconf 89' lang='lat' dir='ltr'><strong>censum</strong></span> <span class='ocrx_word' id='word_1_74' title='bbox 503 1342 616 1400; x_wconf 84' lang='lat' dir='ltr'><strong>referre</strong></span> <span class='ocrx_word' id='word_1_75' title='bbox 638 1342 788 1401; x_wconf 89' lang='lat' dir='ltr'><strong>iuratores</strong></span> <span class='ocrx_word' id='word_1_76' title='bbox 812 1339 911 1418; x_wconf 91' lang='lat' dir='ltr'><strong>(quod</strong></span> <span class='ocrx_word' id='word_1_77' title='bbox 925 1344 1052 1401; x_wconf 88' lang='lat' dir='ltr'><strong>verbum</strong></span> <span class='ocrx_word' id='word_1_78' title='bbox 1066 1342 1281 1411; x_wconf 86' lang='lat' dir='ltr'><strong>Mommsenus</strong></span> 
     </span>
     <span class='ocr_line' id='line_1_11' title="bbox 176 1446 1282 1526; baseline 0.002 -19"><span class='ocrx_word' id='word_1_79' title='bbox 176 1460 259 1509; x_wconf 88' lang='lat' dir='ltr'><strong>recte</strong></span> <span class='ocrx_word' id='word_1_80' title='bbox 281 1446 397 1526; x_wconf 85' lang='lat' dir='ltr'><strong>tuetur)</strong></span> <span class='ocrx_word' id='word_1_81' title='bbox 419 1451 502 1510; x_wconf 82' lang='lat' dir='ltr'><strong>iussi.</strong></span> <span class='ocrx_word' id='word_1_82' title='bbox 545 1450 616 1509; x_wconf 91' lang='lat' dir='ltr'><strong>Hoc</strong></span> <span class='ocrx_word' id='word_1_83' title='bbox 638 1451 729 1525; x_wconf 85' lang='lat' dir='ltr'><strong>igitur</strong></span> <span class='ocrx_word' id='word_1_84' title='bbox 749 1451 879 1526; x_wconf 90' lang='lat' dir='ltr'><strong>primurn</strong></span> <span class='ocrx_word' id='word_1_85' title='bbox 902 1470 942 1509; x_wconf 87' lang='lat' dir='ltr'><strong>ex</strong></span> <span class='ocrx_word' id='word_1_86' title='bbox 965 1459 1073 1509; x_wconf 90' lang='lat' dir='ltr'><strong>nostro</strong></span> <span class='ocrx_word' id='word_1_87' title='bbox 1094 1451 1163 1509; x_wconf 90' lang='lat' dir='ltr'><strong>loco</strong></span> <span class='ocrx_word' id='word_1_88' title='bbox 1186 1451 1282 1509; x_wconf 87' lang='lat' dir='ltr'><strong>disci·</strong></span> 
     </span>
     <span class='ocr_line' id='line_1_12' title="bbox 174 1558 1282 1639; baseline 0 -20"><span class='ocrx_word' id='word_1_89' title='bbox 174 1577 256 1619; x_wconf 90' lang='lat' dir='ltr'><strong>mus:</strong></span> <span class='ocrx_word' id='word_1_90' title='bbox 289 1561 398 1636; x_wconf 84' lang='lat' dir='ltr'><strong>singuli</strong></span> <span class='ocrx_word' id='word_1_91' title='bbox 429 1563 511 1619; x_wconf 89' lang='lat' dir='ltr'><strong>cives</strong></span> <span class='ocrx_word' id='word_1_92' title='bbox 541 1579 703 1619; x_wconf 89' lang='lat' dir='ltr'><strong>censorum</strong></span> <span class='ocrx_word' id='word_1_93' title='bbox 735 1561 880 1620; x_wconf 87' lang='lat' dir='ltr'><strong>ministris</strong></span> <span class='ocrx_word' id='word_1_94' title='bbox 915 1562 1052 1620; x_wconf 89' lang='lat' dir='ltr'><strong>rationes</strong></span> <span class='ocrx_word' id='word_1_95' title='bbox 1084 1558 1179 1637; x_wconf 86' lang='lat' dir='ltr'><strong>(cons.</strong></span> <span class='ocrx_word' id='word_1_96' title='bbox 1202 1561 1282 1639; x_wconf 80' lang='lat' dir='ltr'><strong>legis</strong></span> 
     </span>
     <span class='ocr_line' id='line_1_13' title="bbox 175 1667 1277 1746; baseline 0.003 -20"><span class='ocrx_word' id='word_1_97' title='bbox 175 1669 270 1727; x_wconf 91' lang='lat' dir='ltr'><strong>Iuliae</strong></span> <span class='ocrx_word' id='word_1_98' title='bbox 303 1670 494 1745; x_wconf 89' lang='lat' dir='ltr'><strong>municipalis</strong></span> <span class='ocrx_word' id='word_1_99' title='bbox 527 1688 632 1729; x_wconf 88' lang='lat' dir='ltr'><strong>versus</strong></span> <span class='ocrx_word' id='word_1_100' title='bbox 672 1667 746 1746; x_wconf 76' lang='lat'>147)</span> <span class='ocrx_word' id='word_1_101' title='bbox 779 1670 971 1740; x_wconf 87' lang='lat' dir='ltr'><strong>deferebant,</strong></span> <span class='ocrx_word' id='word_1_102' title='bbox 1007 1670 1038 1729; x_wconf 92' lang='lat' dir='ltr'><strong>hi</strong></span> <span class='ocrx_word' id='word_1_103' title='bbox 1066 1688 1168 1730; x_wconf 89' lang='lat' dir='ltr'><strong>rursus</strong></span> <span class='ocrx_word' id='word_1_104' title='bbox 1203 1689 1277 1730; x_wconf 90' lang='lat' dir='ltr'><strong>cen·</strong></span> 
     </span>
     <span class='ocr_line' id='line_1_14' title="bbox 178 1779 1282 1851; baseline 0.001 -15"><span class='ocrx_word' id='word_1_105' title='bbox 178 1780 308 1849; x_wconf 91' lang='lat' dir='ltr'><strong>soribus;</strong></span> <span class='ocrx_word' id='word_1_106' title='bbox 331 1787 363 1836; x_wconf 88' lang='lat' dir='ltr'><strong>et</strong></span> <span class='ocrx_word' id='word_1_107' title='bbox 383 1779 511 1838; x_wconf 90' lang='lat' dir='ltr'><strong>ministri</strong></span> <span class='ocrx_word' id='word_1_108' title='bbox 534 1788 565 1837; x_wconf 91' lang='lat' dir='ltr'><strong>et</strong></span> <span class='ocrx_word' id='word_1_109' title='bbox 581 1781 662 1838; x_wconf 90' lang='lat' dir='ltr'><strong>cives</strong></span> <span class='ocrx_word' id='word_1_110' title='bbox 686 1789 779 1838; x_wconf 87' lang='lat' dir='ltr'><strong>antea</strong></span> <span class='ocrx_word' id='word_1_111' title='bbox 801 1780 952 1851; x_wconf 90' lang='lat' dir='ltr'><strong>iurabant,</strong></span> <span class='ocrx_word' id='word_1_112' title='bbox 976 1780 1060 1839; x_wconf 90' lang='lat' dir='ltr'><strong>unde</strong></span> <span class='ocrx_word' id='word_1_113' title='bbox 1075 1779 1115 1838; x_wconf 91' lang='lat' dir='ltr'><strong>illi</strong></span> <span class='ocrx_word' id='word_1_114' title='bbox 1130 1787 1282 1839; x_wconf 88' lang='lat' dir='ltr'><strong>vocantur</strong></span> 
     </span>
     <span class='ocr_line' id='line_1_15' title="bbox 175 1888 1280 1966; baseline 0.004 -21"><span class='ocrx_word' id='word_1_115' title='bbox 175 1888 323 1947; x_wconf 91' lang='lat' dir='ltr'><strong>iuratores</strong></span> <span class='ocrx_word' id='word_1_116' title='bbox 337 1889 368 1946; x_wconf 94' lang='lat' dir='ltr'><strong>hi</strong></span> <span class='ocrx_word' id='word_1_117' title='bbox 382 1889 471 1946; x_wconf 90' lang='lat' dir='ltr'><strong>iurati</strong></span> <span class='ocrx_word' id='word_1_118' title='bbox 487 1889 558 1966; x_wconf 84' lang='lat' dir='ltr'><strong>(leg.</strong></span> <span class='ocrx_word' id='word_1_119' title='bbox 575 1890 672 1947; x_wconf 88' lang='lat' dir='ltr'><strong>Iuliae</strong></span> <span class='ocrx_word' id='word_1_120' title='bbox 684 1907 772 1947; x_wconf 88' lang='lat' dir='ltr'><strong>versu</strong></span> <span class='ocrx_word' id='word_1_121' title='bbox 788 1892 847 1949; x_wconf 83' lang='lat'><strong>149</strong></span> <span class='ocrx_word' id='word_1_122' title='bbox 864 1907 976 1948; x_wconf 89' lang='lat' dir='ltr'><strong>census</strong></span> <span class='ocrx_word' id='word_1_123' title='bbox 992 1936 999 1950; x_wconf 92' lang='lat'><strong><em>.</em></strong></span> <span class='ocrx_word' id='word_1_124' title='bbox 1019 1933 1026 1949; x_wconf 94' lang='lat'>.</span> <span class='ocrx_word' id='word_1_125' title='bbox 1044 1934 1052 1949; x_wconf 90' lang='lat'>.</span> <span class='ocrx_word' id='word_1_126' title='bbox 1075 1891 1115 1949; x_wconf 93' lang='lat' dir='ltr'><strong>ab</strong></span> <span class='ocrx_word' id='word_1_127' title='bbox 1128 1890 1184 1948; x_wconf 87' lang='lat' dir='ltr'><strong>ieis</strong></span> <span class='ocrx_word' id='word_1_128' title='bbox 1199 1889 1280 1949; x_wconf 88' lang='lat' dir='ltr'><strong>iura·</strong></span> 
     </span>
     <span class='ocr_line' id='line_1_16' title="bbox 175 1994 1279 2076; baseline 0.003 -21"><span class='ocrx_word' id='word_1_129' title='bbox 175 1998 233 2056; x_wconf 90' lang='lat' dir='ltr'><strong>teis</strong></span> <span class='ocrx_word' id='word_1_130' title='bbox 255 1994 410 2075; x_wconf 83' lang='lat' dir='ltr'><strong>accipito),</strong></span> <span class='ocrx_word' id='word_1_131' title='bbox 433 2000 498 2057; x_wconf 90' lang='lat' dir='ltr'><strong>sine</strong></span> <span class='ocrx_word' id='word_1_132' title='bbox 522 2000 617 2057; x_wconf 91' lang='lat' dir='ltr'><strong>dubio</strong></span> <span class='ocrx_word' id='word_1_133' title='bbox 633 1999 705 2076; x_wconf 87' lang='lat' dir='ltr'><strong>quia</strong></span> <span class='ocrx_word' id='word_1_134' title='bbox 727 1999 765 2056; x_wconf 89' lang='lat' dir='ltr'><strong>iili</strong></span> <span class='ocrx_word' id='word_1_135' title='bbox 788 2000 864 2057; x_wconf 90' lang='lat' dir='ltr'><strong>certi</strong></span> <span class='ocrx_word' id='word_1_136' title='bbox 886 2008 918 2057; x_wconf 90' lang='lat' dir='ltr'><strong>et</strong></span> <span class='ocrx_word' id='word_1_137' title='bbox 940 1999 1098 2058; x_wconf 89' lang='lat' dir='ltr'><strong>constituti</strong></span> <span class='ocrx_word' id='word_1_138' title='bbox 1114 2016 1279 2058; x_wconf 88' lang='lat' dir='ltr'><strong>censorum</strong></span> 
     </span>
     <span class='ocr_line' id='line_1_17' title="bbox 171 2103 1282 2188; baseline 0.003 -24"><span class='ocrx_word' id='word_1_139' title='bbox 171 2110 263 2166; x_wconf 83' lang='lat' dir='ltr'><strong>&#39;erant</strong></span> <span class='ocrx_word' id='word_1_140' title='bbox 295 2110 462 2188; x_wconf 90' lang='lat' dir='ltr'><strong>adiutores,</strong></span> <span class='ocrx_word' id='word_1_141' title='bbox 496 2108 526 2167; x_wconf 90' lang='lat' dir='ltr'><strong>hi</strong></span> <span class='ocrx_word' id='word_1_142' title='bbox 560 2128 629 2167; x_wconf 90' lang='lat' dir='ltr'><strong>cum</strong></span> <span class='ocrx_word' id='word_1_143' title='bbox 657 2110 863 2167; x_wconf 86' lang='lat' dir='ltr'>censebantur</span> <span class='ocrx_word' id='word_1_144' title='bbox 898 2109 1040 2170; x_wconf 88' lang='lat' dir='ltr'><strong>iurabant</strong></span> <span class='ocrx_word' id='word_1_145' title='bbox 1072 2103 1157 2186; x_wconf 88' lang='lat' dir='ltr'><strong>(nam</strong></span> <span class='ocrx_word' id='word_1_146' title='bbox 1187 2126 1282 2184; x_wconf 88' lang='lat' dir='ltr'><strong>quam</strong></span> 
     </span>
     <span class='ocr_line' id='line_1_18' title="bbox 175 2216 1281 2294; baseline 0.001 -19"><span class='ocrx_word' id='word_1_147' title='bbox 175 2217 386 2276; x_wconf 88' lang='lat' dir='ltr'><strong>Mommsenus</strong></span> <span class='ocrx_word' id='word_1_148' title='bbox 399 2219 524 2294; x_wconf 87' lang='lat' dir='ltr'><strong>protulit</strong></span> <span class='ocrx_word' id='word_1_149' title='bbox 538 2218 823 2294; x_wconf 86' lang='lat' dir='ltr'><strong>interpretationem</strong></span> <span class='ocrx_word' id='word_1_150' title='bbox 839 2218 1091 2288; x_wconf 78' lang='lat' dir='ltr'><strong>‚,Einschworer“</strong></span> <span class='ocrx_word' id='word_1_151' title='bbox 1104 2236 1142 2276; x_wconf 87' lang='lat' dir='ltr'><strong>ex</strong></span> <span class='ocrx_word' id='word_1_152' title='bbox 1155 2218 1184 2275; x_wconf 90' lang='lat' dir='ltr'><strong>vi</strong></span> <span class='ocrx_word' id='word_1_153' title='bbox 1195 2216 1281 2276; x_wconf 86' lang='lat' dir='ltr'><strong>verbi</strong></span> 
     </span>
     <span class='ocr_line' id='line_1_19' title="bbox 172 2313 1283 2405; baseline 0.003 -21"><span class='ocrx_word' id='word_1_154' title='bbox 172 2313 293 2385; x_wconf 83' lang='lat' dir='ltr'><strong>‘iurare&#39;</strong></span> <span class='ocrx_word' id='word_1_155' title='bbox 314 2347 377 2386; x_wconf 91' lang='lat' dir='ltr'><strong>non</strong></span> <span class='ocrx_word' id='word_1_156' title='bbox 398 2325 573 2404; x_wconf 80' lang='lat' dir='ltr'><strong>adipiscor).</strong></span> <span class='ocrx_word' id='word_1_157' title='bbox 606 2329 724 2386; x_wconf 88' lang='lat' dir='ltr'><strong>Eadem</strong></span> <span class='ocrx_word' id='word_1_158' title='bbox 748 2329 913 2387; x_wconf 90' lang='lat' dir='ltr'><strong>iuratorum</strong></span> <span class='ocrx_word' id='word_1_159' title='bbox 935 2329 980 2387; x_wconf 92' lang='lat' dir='ltr'><strong>vis</strong></span> <span class='ocrx_word' id='word_1_160' title='bbox 1001 2329 1183 2388; x_wconf 88' lang='lat' dir='ltr'><strong>inSenecae</strong></span> <span class='ocrx_word' id='word_1_161' title='bbox 1205 2347 1283 2405; x_wconf 92' lang='lat' dir='ltr'><strong>apo·</strong></span> 
     </span>
     <span class='ocr_line' id='line_1_20' title="bbox 176 2438 1282 2514; baseline 0.003 -20"><span class='ocrx_word' id='word_1_162' title='bbox 176 2438 366 2514; x_wconf 89' lang='lat' dir='ltr'><strong>colocyntosi</strong></span> <span class='ocrx_word' id='word_1_163' title='bbox 394 2440 455 2495; x_wconf 85' lang='lat' dir='ltr'><strong>divi</strong></span> <span class='ocrx_word' id='word_1_164' title='bbox 478 2438 588 2497; x_wconf 82' lang='lat' dir='ltr'><strong>Claudi</strong></span> <span class='ocrx_word' id='word_1_165' title='bbox 610 2440 626 2510; x_wconf 72' lang='lat'>5</span> <span class='ocrx_word' id='word_1_166' title='bbox 651 2443 667 2498; x_wconf 84' lang='lat'>1</span> <span class='ocrx_word' id='word_1_167' title='bbox 695 2439 859 2500; x_wconf 88' lang='lat' dir='ltr'><strong>invenitur:</strong></span> <span class='ocrx_word' id='word_1_168' title='bbox 891 2440 994 2498; x_wconf 89' lang='lat' dir='ltr'><strong>dicam</strong></span> <span class='ocrx_word' id='word_1_169' title='bbox 1022 2440 1108 2514; x_wconf 92' lang='lat' dir='ltr'><strong>quod</strong></span> <span class='ocrx_word' id='word_1_170' title='bbox 1138 2438 1212 2496; x_wconf 91' lang='lat' dir='ltr'><strong>mihi</strong></span> <span class='ocrx_word' id='word_1_171' title='bbox 1247 2438 1282 2497; x_wconf 86' lang='lat' dir='ltr'><strong>in</strong></span> 
     </span>
     <span class='ocr_line' id='line_1_21' title="bbox 178 2545 1282 2625; baseline 0.002 -21"><span class='ocrx_word' id='word_1_172' title='bbox 178 2547 309 2606; x_wconf 90' lang='lat' dir='ltr'><strong>buccam</strong></span> <span class='ocrx_word' id='word_1_173' title='bbox 330 2549 462 2607; x_wconf 87' lang='lat' dir='ltr'><strong>venerit:</strong></span> <span class='ocrx_word' id='word_1_174' title='bbox 490 2549 558 2625; x_wconf 90' lang='lat' dir='ltr'><strong>quis</strong></span> <span class='ocrx_word' id='word_1_175' title='bbox 580 2566 724 2624; x_wconf 86' lang='lat' dir='ltr'><strong>umquam</strong></span> <span class='ocrx_word' id='word_1_176' title='bbox 743 2550 782 2606; x_wconf 93' lang='lat' dir='ltr'><strong>ab</strong></span> <span class='ocrx_word' id='word_1_177' title='bbox 804 2549 949 2607; x_wconf 90' lang='lat' dir='ltr'><strong>historico</strong></span> <span class='ocrx_word' id='word_1_178' title='bbox 978 2549 1125 2608; x_wconf 86' lang='lat' dir='ltr'><strong>iuratores</strong></span> <span class='ocrx_word' id='word_1_179' title='bbox 1155 2545 1282 2624; x_wconf 80' lang='lat' dir='ltr'><strong>exegit?</strong></span> 
     </span>
     <span class='ocr_line' id='line_1_22' title="bbox 176 2655 1350 2738; baseline 0.002 -24"><span class='ocrx_word' id='word_1_180' title='bbox 176 2655 247 2715; x_wconf 92' lang='lat' dir='ltr'><strong>Hoc</strong></span> <span class='ocrx_word' id='word_1_181' title='bbox 270 2657 339 2716; x_wconf 91' lang='lat' dir='ltr'><strong>loco</strong></span> <span class='ocrx_word' id='word_1_182' title='bbox 365 2659 490 2716; x_wconf 88' lang='lat' dir='ltr'><strong>verbum</strong></span> <span class='ocrx_word' id='word_1_183' title='bbox 514 2678 533 2716; x_wconf 96' lang='lat' dir='ltr'><strong>a</strong></span> <span class='ocrx_word' id='word_1_184' title='bbox 556 2677 717 2717; x_wconf 90' lang='lat' dir='ltr'><strong>censorum</strong></span> <span class='ocrx_word' id='word_1_185' title='bbox 738 2660 882 2718; x_wconf 84' lang='lat' dir='ltr'><strong>ministris</strong></span> <span class='ocrx_word' id='word_1_186' title='bbox 899 2660 1009 2736; x_wconf 91' lang='lat' dir='ltr'><strong>quibus</strong></span> <span class='ocrx_word' id='word_1_187' title='bbox 1032 2659 1142 2718; x_wconf 88' lang='lat' dir='ltr'><strong>iuratis</strong></span> <span class='ocrx_word' id='word_1_188' title='bbox 1159 2657 1189 2716; x_wconf 92' lang='lat' dir='ltr'><strong>hi</strong></span> <span class='ocrx_word' id='word_1_189' title='bbox 1203 2675 1281 2717; x_wconf 90' lang='lat' dir='ltr'><strong>con·</strong></span> <span class='ocrx_word' id='word_1_190' title='bbox 1346 2731 1350 2738; x_wconf 23' lang='grc' dir='ltr'>ι</span> 
     </span>
     <span class='ocr_line' id='line_1_23' title="bbox 176 2766 1281 2846; baseline 0.003 -23"><span class='ocrx_word' id='word_1_191' title='bbox 176 2766 275 2824; x_wconf 90' lang='lat' dir='ltr'><strong>fidunt</strong></span> <span class='ocrx_word' id='word_1_192' title='bbox 296 2769 338 2826; x_wconf 87' lang='lat' dir='ltr'><strong>ad</strong></span> <span class='ocrx_word' id='word_1_193' title='bbox 360 2769 436 2826; x_wconf 90' lang='lat' dir='ltr'><strong>tales</strong></span> <span class='ocrx_word' id='word_1_194' title='bbox 457 2769 598 2827; x_wconf 88' lang='lat' dir='ltr'><strong>homines</strong></span> <span class='ocrx_word' id='word_1_195' title='bbox 621 2769 800 2828; x_wconf 86' lang='lat' dir='ltr'><strong>translatum</strong></span> <span class='ocrx_word' id='word_1_196' title='bbox 823 2779 870 2828; x_wconf 88' lang='lat' dir='ltr'><strong>est</strong></span> <span class='ocrx_word' id='word_1_197' title='bbox 892 2770 1002 2845; x_wconf 89' lang='lat' dir='ltr'><strong>quibus</strong></span> <span class='ocrx_word' id='word_1_198' title='bbox 1024 2770 1090 2845; x_wconf 93' lang='lat' dir='ltr'><strong>quis</strong></span> <span class='ocrx_word' id='word_1_199' title='bbox 1113 2769 1158 2827; x_wconf 92' lang='lat' dir='ltr'><strong>uti</strong></span> <span class='ocrx_word' id='word_1_200' title='bbox 1178 2767 1281 2846; x_wconf 88' lang='lat' dir='ltr'><strong>possit</strong></span> 
     </span>
     <span class='ocr_line' id='line_1_24' title="bbox 177 2877 1281 2953; baseline 0.001 -20"><span class='ocrx_word' id='word_1_201' title='bbox 177 2877 307 2934; x_wconf 92' lang='lat' dir='ltr'><strong>testibus</strong></span> <span class='ocrx_word' id='word_1_202' title='bbox 331 2879 417 2953; x_wconf 92' lang='lat' dir='ltr'><strong>quod</strong></span> <span class='ocrx_word' id='word_1_203' title='bbox 439 2878 609 2936; x_wconf 88' lang='lat' dir='ltr'><strong>iuramento</strong></span> <span class='ocrx_word' id='word_1_204' title='bbox 624 2887 659 2935; x_wconf 90' lang='lat' dir='ltr'><strong>ut</strong></span> <span class='ocrx_word' id='word_1_205' title='bbox 673 2896 776 2936; x_wconf 90' lang='lat' dir='ltr'><strong>verum</strong></span> <span class='ocrx_word' id='word_1_206' title='bbox 791 2879 895 2937; x_wconf 90' lang='lat' dir='ltr'><strong>dicant</strong></span> <span class='ocrx_word' id='word_1_207' title='bbox 916 2887 988 2937; x_wconf 93' lang='lat' dir='ltr'><strong>sunt</strong></span> <span class='ocrx_word' id='word_1_208' title='bbox 1013 2878 1158 2938; x_wconf 87' lang='lat' dir='ltr'><strong>obstricti.</strong></span> <span class='ocrx_word' id='word_1_209' title='bbox 1203 2877 1281 2953; x_wconf 92' lang='lat' dir='ltr'><strong>Spe·</strong></span> 
     </span>
     <span class='ocr_line' id='line_1_25' title="bbox 177 2983 1279 3063; baseline 0.004 -22"><span class='ocrx_word' id='word_1_210' title='bbox 177 2990 311 3041; x_wconf 88' lang='lat' dir='ltr'><strong>ctatores</strong></span> <span class='ocrx_word' id='word_1_211' title='bbox 333 2983 424 3057; x_wconf 84' lang='lat' dir='ltr'><strong>igitur</strong></span> <span class='ocrx_word' id='word_1_212' title='bbox 444 2984 495 3041; x_wconf 93' lang='lat' dir='ltr'><strong>hic</strong></span> <span class='ocrx_word' id='word_1_213' title='bbox 516 2993 586 3042; x_wconf 91' lang='lat' dir='ltr'><strong>sunt</strong></span> <span class='ocrx_word' id='word_1_214' title='bbox 615 2986 775 3053; x_wconf 90' lang='lat' dir='ltr'><strong>iuratores,</strong></span> <span class='ocrx_word' id='word_1_215' title='bbox 809 2985 860 3061; x_wconf 92' lang='lat' dir='ltr'><strong>qui</strong></span> <span class='ocrx_word' id='word_1_216' title='bbox 892 2987 1013 3063; x_wconf 90' lang='lat' dir='ltr'><strong>prologi</strong></span> <span class='ocrx_word' id='word_1_217' title='bbox 1041 2986 1175 3045; x_wconf 91' lang='lat' dir='ltr'><strong>rationes</strong></span> <span class='ocrx_word' id='word_1_218' title='bbox 1197 2986 1279 3045; x_wconf 89' lang='lat' dir='ltr'><strong>acci-</strong></span> 
     </span>
     <span class='ocr_line' id='line_1_26' title="bbox 176 3090 1278 3172; baseline 0.004 -24"><span class='ocrx_word' id='word_1_219' title='bbox 176 3092 263 3168; x_wconf 93' lang='lat' dir='ltr'><strong>piunt</strong></span> <span class='ocrx_word' id='word_1_220' title='bbox 296 3090 349 3167; x_wconf 87' lang='lat' dir='ltr'><strong>(cs.</strong></span> <span class='ocrx_word' id='word_1_221' title='bbox 373 3093 433 3169; x_wconf 85' lang='lat' dir='ltr'><strong>leg.</strong></span> <span class='ocrx_word' id='word_1_222' title='bbox 458 3093 551 3152; x_wconf 88' lang='lat' dir='ltr'><strong>Iuliae</strong></span> <span class='ocrx_word' id='word_1_223' title='bbox 574 3113 599 3154; x_wconf 92' lang='lat' dir='ltr'><strong>v.</strong></span> <span class='ocrx_word' id='word_1_224' title='bbox 618 3096 676 3154; x_wconf 82' lang='lat'><strong>147</strong></span> <span class='ocrx_word' id='word_1_225' title='bbox 697 3096 837 3152; x_wconf 70' lang='lat' dir='ltr'><strong>rotronem</strong></span> <span class='ocrx_word' id='word_1_226' title='bbox 858 3095 1011 3172; x_wconf 88' lang='lat' dir='ltr'><strong>pecuniae</strong></span> <span class='ocrx_word' id='word_1_227' title='bbox 1034 3140 1041 3156; x_wconf 92' lang='lat'><strong>.</strong></span> <span class='ocrx_word' id='word_1_228' title='bbox 1141 3091 1278 3171; x_wconf 72' lang='lat' dir='ltr'><strong>accipito)</strong></span> 
     </span>
     <span class='ocr_line' id='line_1_27' title="bbox 178 3197 1280 3284; baseline 0.004 -25"><span class='ocrx_word' id='word_1_229' title='bbox 178 3220 216 3261; x_wconf 90' lang='lat' dir='ltr'><strong>ac</strong></span> <span class='ocrx_word' id='word_1_230' title='bbox 230 3203 360 3278; x_wconf 88' lang='lat' dir='ltr'><strong>primum</strong></span> <span class='ocrx_word' id='word_1_231' title='bbox 374 3220 489 3260; x_wconf 91' lang='lat' dir='ltr'><strong>nomeu</strong></span> <span class='ocrx_word' id='word_1_232' title='bbox 511 3197 584 3280; x_wconf 87' lang='lat' dir='ltr'><strong>(leg.</strong></span> <span class='ocrx_word' id='word_1_233' title='bbox 596 3203 691 3261; x_wconf 88' lang='lat' dir='ltr'><strong>Iuliae</strong></span> <span class='ocrx_word' id='word_1_234' title='bbox 704 3223 730 3263; x_wconf 93' lang='lat' dir='ltr'><strong>v.</strong></span> <span class='ocrx_word' id='word_1_235' title='bbox 742 3205 801 3263; x_wconf 89' lang='grc'><strong>146</strong></span> <span class='ocrx_word' id='word_1_236' title='bbox 815 3222 982 3280; x_wconf 89' lang='lat' dir='ltr'><strong>eorumque</strong></span> <span class='ocrx_word' id='word_1_237' title='bbox 993 3205 1118 3263; x_wconf 90' lang='lat' dir='ltr'><strong>nomina</strong></span> <span class='ocrx_word' id='word_1_238' title='bbox 1134 3248 1141 3264; x_wconf 92' lang='lat'><strong>.</strong></span> <span class='ocrx_word' id='word_1_239' title='bbox 1158 3197 1191 3284; x_wconf 86' lang='lat'><strong>.)‚</strong></span> <span class='ocrx_word' id='word_1_240' title='bbox 1213 3212 1280 3263; x_wconf 88' lang='lat' dir='ltr'><strong>tum</strong></span> 
     </span>
     <span class='ocr_line' id='line_1_28' title="bbox 176 3311 1281 3391; baseline 0.003 -21"><span class='ocrx_word' id='word_1_241' title='bbox 176 3319 295 3370; x_wconf 85' lang='lat' dir='ltr'><strong>ceteras</strong></span> <span class='ocrx_word' id='word_1_242' title='bbox 319 3311 454 3370; x_wconf 88' lang='lat' dir='ltr'><strong>rationes</strong></span> <span class='ocrx_word' id='word_1_243' title='bbox 476 3312 505 3370; x_wconf 93' lang='lat' dir='ltr'><strong>h.</strong></span> <span class='ocrx_word' id='word_1_244' title='bbox 523 3331 551 3372; x_wconf 90' lang='lat' dir='ltr'><strong>e.</strong></span> <span class='ocrx_word' id='word_1_245' title='bbox 573 3313 668 3390; x_wconf 93' lang='lat' dir='ltr'><strong>ipsius</strong></span> <span class='ocrx_word' id='word_1_246' title='bbox 691 3315 863 3391; x_wconf 87' lang='lat' dir='ltr'><strong>argumenti</strong></span> <span class='ocrx_word' id='word_1_247' title='bbox 885 3314 1122 3374; x_wconf 87' lang='lat' dir='ltr'><strong>enarrationem.</strong></span> <span class='ocrx_word' id='word_1_248' title='bbox 1164 3314 1281 3373; x_wconf 85' lang='lat' dir='ltr'><strong>Versus</strong></span> 
     </span>
    </p>
   </div>
   <div class='ocr_carea' id='block_1_3' title="bbox 178 3406 1282 3501">
    <p class='ocr_par' dir='ltr' id='par_1_4' title="bbox 178 3406 1282 3501">
     <span class='ocr_line' id='line_1_29' title="bbox 178 3406 1282 3501; baseline 0.002 -21"><span class='ocrx_word' id='word_1_249' title='bbox 178 3425 216 3482; x_wconf 77' lang='lat'><strong>57</strong></span> <span class='ocrx_word' id='word_1_250' title='bbox 241 3422 349 3480; x_wconf 92' lang='lat' dir='ltr'><strong>dubito</strong></span> <span class='ocrx_word' id='word_1_251' title='bbox 375 3441 448 3481; x_wconf 91' lang='lat' dir='ltr'><strong>num</strong></span> <span class='ocrx_word' id='word_1_252' title='bbox 481 3426 519 3482; x_wconf 91' lang='lat' dir='ltr'><strong>ab</strong></span> <span class='ocrx_word' id='word_1_253' title='bbox 550 3426 663 3482; x_wconf 86' lang='lat' dir='ltr'><strong>eodem</strong></span> <span class='ocrx_word' id='word_1_254' title='bbox 686 3425 738 3501; x_wconf 92' lang='lat' dir='ltr'><strong>qui</strong></span> <span class='ocrx_word' id='word_1_255' title='bbox 759 3425 815 3482; x_wconf 90' lang='lat' dir='ltr'><strong>hos</strong></span> <span class='ocrx_word' id='word_1_256' title='bbox 839 3406 948 3483; x_wconf 27' lang='lat' dir='ltr'><strong>versus*</strong></span> <span class='ocrx_word' id='word_1_257' title='bbox 965 3424 1090 3483; x_wconf 90' lang='lat' dir='ltr'><strong>inseruit</strong></span> <span class='ocrx_word' id='word_1_258' title='bbox 1122 3422 1282 3483; x_wconf 85' lang='lat' dir='ltr'><strong>confectus</strong></span> 
     </span>
    </p>
   </div>
   <div class='ocr_carea' id='block_1_4' title="bbox 173 3528 1282 4271">
    <p class='ocr_par' dir='ltr' id='par_1_5' title="bbox 173 3528 1282 4271">
     <span class='ocr_line' id='line_1_30' title="bbox 176 3528 1281 3612; baseline 0.002 -22"><span class='ocrx_word' id='word_1_259' title='bbox 176 3532 230 3592; x_wconf 90' lang='lat' dir='ltr'><strong>sit:</strong></span> <span class='ocrx_word' id='word_1_260' title='bbox 264 3533 342 3589; x_wconf 88' lang='lat' dir='ltr'><strong>male</strong></span> <span class='ocrx_word' id='word_1_261' title='bbox 373 3550 492 3591; x_wconf 90' lang='lat' dir='ltr'><strong>versum</strong></span> <span class='ocrx_word' id='word_1_262' title='bbox 515 3537 553 3593; x_wconf 75' lang='lat'><strong>56</strong></span> <span class='ocrx_word' id='word_1_263' title='bbox 582 3553 601 3592; x_wconf 95' lang='lat' dir='ltr'><strong>a</strong></span> <span class='ocrx_word' id='word_1_264' title='bbox 623 3552 711 3593; x_wconf 89' lang='lat' dir='ltr'><strong>versu</strong></span> <span class='ocrx_word' id='word_1_265' title='bbox 733 3537 773 3595; x_wconf 77' lang='lat'><strong>58</strong></span> <span class='ocrx_word' id='word_1_266' title='bbox 805 3535 950 3610; x_wconf 85' lang='lat' dir='ltr'><strong>disiungit</strong></span> <span class='ocrx_word' id='word_1_267' title='bbox 976 3554 1079 3612; x_wconf 88' lang='lat' dir='ltr'><strong>neque</strong></span> <span class='ocrx_word' id='word_1_268' title='bbox 1100 3535 1207 3594; x_wconf 92' lang='lat' dir='ltr'><strong>melius</strong></span> <span class='ocrx_word' id='word_1_269' title='bbox 1242 3528 1281 3611; x_wconf 90' lang='lat' dir='ltr'><strong>(si</strong></span> 
     </span>
     <span class='ocr_line' id='line_1_31' title="bbox 177 3631 1282 3721; baseline 0.005 -24"><span class='ocrx_word' id='word_1_270' title='bbox 177 3640 370 3718; x_wconf 89' lang='lat' dir='ltr'><strong>Geppertum</strong></span> <span class='ocrx_word' id='word_1_271' title='bbox 392 3643 601 3720; x_wconf 86' lang='lat' dir='ltr'><strong>sequeremur)</strong></span> <span class='ocrx_word' id='word_1_272' title='bbox 624 3663 650 3704; x_wconf 94' lang='lat' dir='ltr'><strong>v.</strong></span> <span class='ocrx_word' id='word_1_273' title='bbox 675 3646 714 3704; x_wconf 80' lang='lat'><strong>58</strong></span> <span class='ocrx_word' id='word_1_274' title='bbox 734 3633 879 3720; x_wconf 80' lang='lat' dir='ltr'><strong>‘operam</strong></span> <span class='ocrx_word' id='word_1_275' title='bbox 901 3631 990 3703; x_wconf 87' lang='lat' dir='ltr'><strong>date&#39;</strong></span> <span class='ocrx_word' id='word_1_276' title='bbox 1014 3645 1053 3703; x_wconf 93' lang='lat' dir='ltr'><strong>ab</strong></span> <span class='ocrx_word' id='word_1_277' title='bbox 1075 3645 1142 3721; x_wconf 88' lang='lat' dir='ltr'><strong>ipsa</strong></span> <span class='ocrx_word' id='word_1_278' title='bbox 1157 3661 1282 3703; x_wconf 88' lang='lat' dir='ltr'><strong>enarra·</strong></span> 
     </span>
     <span class='ocr_line' id='line_1_32' title="bbox 177 3749 1281 3826; baseline 0.003 -19"><span class='ocrx_word' id='word_1_279' title='bbox 177 3750 262 3808; x_wconf 88' lang='lat' dir='ltr'><strong>tione</strong></span> <span class='ocrx_word' id='word_1_280' title='bbox 277 3758 458 3811; x_wconf 80' lang='lat' dir='ltr'><strong>secerneret</strong></span> <span class='ocrx_word' id='word_1_281' title='bbox 495 3749 532 3807; x_wconf 90' lang='lat' dir='ltr'><strong>In</strong></span> <span class='ocrx_word' id='word_1_282' title='bbox 548 3767 636 3808; x_wconf 91' lang='lat' dir='ltr'><strong>versu</strong></span> <span class='ocrx_word' id='word_1_283' title='bbox 652 3751 720 3826; x_wconf 92' lang='lat' dir='ltr'><strong>ipso</strong></span> <span class='ocrx_word' id='word_1_284' title='bbox 732 3758 854 3826; x_wconf 91' lang='lat' dir='ltr'><strong>praeter</strong></span> <span class='ocrx_word' id='word_1_285' title='bbox 864 3750 1015 3809; x_wconf 86' lang='lat' dir='ltr'><strong>Ritscheli</strong></span> <span class='ocrx_word' id='word_1_286' title='bbox 1030 3751 1281 3810; x_wconf 89' lang='lat' dir='ltr'><strong>emendationem</strong></span> 
     </span>
     <span class='ocr_line' id='line_1_33' title="bbox 173 3848 1280 3937; baseline 0.002 -20"><span class='ocrx_word' id='word_1_287' title='bbox 173 3848 265 3918; x_wconf 87' lang='lat' dir='ltr'><strong>‘suos</strong></span> <span class='ocrx_word' id='word_1_288' title='bbox 292 3855 391 3919; x_wconf 88' lang='lat' dir='ltr'><strong>sibist’</strong></span> <span class='ocrx_word' id='word_1_289' title='bbox 427 3859 597 3919; x_wconf 89' lang='lat' dir='ltr'><strong>mutatione</strong></span> <span class='ocrx_word' id='word_1_290' title='bbox 624 3878 702 3937; x_wconf 90' lang='lat' dir='ltr'><strong>opus</strong></span> <span class='ocrx_word' id='word_1_291' title='bbox 729 3879 792 3919; x_wconf 90' lang='lat' dir='ltr'><strong>non</strong></span> <span class='ocrx_word' id='word_1_292' title='bbox 820 3870 887 3919; x_wconf 86' lang='lat' dir='ltr'><strong>est:</strong></span> <span class='ocrx_word' id='word_1_293' title='bbox 924 3879 997 3920; x_wconf 88' lang='lat' dir='ltr'><strong>nam</strong></span> <span class='ocrx_word' id='word_1_294' title='bbox 1026 3862 1112 3937; x_wconf 92' lang='lat' dir='ltr'><strong>quod</strong></span> <span class='ocrx_word' id='word_1_295' title='bbox 1137 3860 1280 3919; x_wconf 85' lang='lat' dir='ltr'><strong>Loewius</strong></span> 
     </span>
     <span class='ocr_line' id='line_1_34' title="bbox 177 3959 1279 4047; baseline 0.001 -20"><span class='ocrx_word' id='word_1_296' title='bbox 177 3971 256 4028; x_wconf 93' lang='lat' dir='ltr'><strong>anal.</strong></span> <span class='ocrx_word' id='word_1_297' title='bbox 278 3988 349 4045; x_wconf 81' lang='lat' dir='ltr'><strong>pag.</strong></span> <span class='ocrx_word' id='word_1_298' title='bbox 362 3971 401 4030; x_wconf 88' lang='lat'><strong>45</strong></span> <span class='ocrx_word' id='word_1_299' title='bbox 415 3970 574 4047; x_wconf 90' lang='lat' dir='ltr'><strong>proposuit</strong></span> <span class='ocrx_word' id='word_1_300' title='bbox 592 3959 779 4042; x_wconf 88' lang='lat' dir='ltr'><strong>‘arbiterio&#39;,</strong></span> <span class='ocrx_word' id='word_1_301' title='bbox 803 3971 843 4029; x_wconf 92' lang='lat' dir='ltr'><strong>de</strong></span> <span class='ocrx_word' id='word_1_302' title='bbox 866 3971 981 4030; x_wconf 92' lang='lat' dir='ltr'><strong>iudicio</strong></span> <span class='ocrx_word' id='word_1_303' title='bbox 1002 3969 1163 4030; x_wconf 87' lang='lat' dir='ltr'><strong>iudiciario</strong></span> <span class='ocrx_word' id='word_1_304' title='bbox 1178 3969 1279 4028; x_wconf 90' lang='lat' dir='ltr'><strong>verbis</strong></span> 
     </span>
     <span class='ocr_line' id='line_1_35' title="bbox 174 4064 1279 4149; baseline -0.001 -11"><span class='ocrx_word' id='word_1_305' title='bbox 174 4064 383 4138; x_wconf 85' lang='lat' dir='ltr'><strong>‘censebitur&#39;</strong></span> <span class='ocrx_word' id='word_1_306' title='bbox 396 4089 427 4138; x_wconf 91' lang='lat' dir='ltr'><strong>et</strong></span> <span class='ocrx_word' id='word_1_307' title='bbox 442 4065 623 4140; x_wconf 85' lang='lat' dir='ltr'><strong>‘iuratores’</strong></span> <span class='ocrx_word' id='word_1_308' title='bbox 634 4089 741 4139; x_wconf 90' lang='lat' dir='ltr'><strong>uotam</strong></span> <span class='ocrx_word' id='word_1_309' title='bbox 751 4080 854 4138; x_wconf 83' lang='lat' dir='ltr'><strong>inferri</strong></span> <span class='ocrx_word' id='word_1_310' title='bbox 869 4082 1071 4149; x_wconf 88' lang='lat' dir='ltr'><strong>contendens,</strong></span> <span class='ocrx_word' id='word_1_311' title='bbox 1084 4079 1193 4138; x_wconf 84' lang='lat' dir='ltr'><strong>salsum</strong></span> <span class='ocrx_word' id='word_1_312' title='bbox 1206 4096 1279 4138; x_wconf 90' lang='lat' dir='ltr'><strong>esse</strong></span> 
     </span>
     <span class='ocr_line' id='line_1_36' title="bbox 179 4188 1277 4271; baseline 0.003 -24"><span class='ocrx_word' id='word_1_313' title='bbox 179 4207 216 4248; x_wconf 89' lang='lat' dir='ltr'><strong>ex</strong></span> <span class='ocrx_word' id='word_1_314' title='bbox 244 4190 280 4248; x_wconf 90' lang='lat' dir='ltr'><strong>iis</strong></span> <span class='ocrx_word' id='word_1_315' title='bbox 309 4207 390 4267; x_wconf 90' lang='lat' dir='ltr'><strong>quae</strong></span> <span class='ocrx_word' id='word_1_316' title='bbox 423 4207 513 4269; x_wconf 89' lang='lat' dir='ltr'><strong>supra</strong></span> <span class='ocrx_word' id='word_1_317' title='bbox 544 4190 673 4269; x_wconf 82' lang='lat' dir='ltr'><strong>exposui</strong></span> <span class='ocrx_word' id='word_1_318' title='bbox 705 4198 843 4271; x_wconf 84' lang='lat' dir='ltr'><strong>apparet.</strong></span> <span class='ocrx_word' id='word_1_319' title='bbox 900 4188 1009 4270; x_wconf 92' lang='lat' dir='ltr'><strong>Neque</strong></span> <span class='ocrx_word' id='word_1_320' title='bbox 1042 4188 1141 4268; x_wconf 77' lang='lat' dir='ltr'><strong>magis</strong></span> <span class='ocrx_word' id='word_1_321' title='bbox 1173 4190 1277 4266; x_wconf 86' lang='lat' dir='ltr'><strong>placet</strong></span> 
     </span>
    </p>
   </div>
   <div class='ocr_carea' id='block_1_5' title="bbox 0 0 1446 4804">
    <p class='ocr_par' dir='ltr' id='par_1_6' title="bbox 0 0 1446 4804">
     <span class='ocr_line' id='line_1_37' title="bbox 0 0 1446 4804; baseline 0 0"><span class='ocrx_word' id='word_1_322' title='bbox 0 0 1446 4804; x_wconf 95' lang='lat' dir='ltr'><strong> </strong></span> 
     </span>
    </p>
   </div>
  </div>
 </body>
</html>
