2880 4808
551 606 556 617 ·
628 586 816 649 1v1et2.

271 756 418 834 Magnam
439 758 480 815 de
502 756 551 816 his
566 758 688 817 scaenis
703 758 759 816 viri
773 758 859 818 docti
874 766 1037 817 moverunt
1051 758 1274 836 suspicionem:

170 864 285 941 primus
317 863 476 941 Hasperus
506 884 578 942 pag.
597 867 636 925 25
661 865 748 925 1V2
782 865 840 924 toti
874 866 1045 941 argumenti
1076 866 1276 943 dispositioni

171 989 344 1049 repugnare
365 972 522 1043 iudicavit,
558 982 623 1032 tum
644 972 843 1032 Franckenus
869 967 927 1032 ‘de
957 972 1087 1034 Poenuli
1106 973 1275 1049 i‘lautinae

172 1066 409 1158 compositione’
430 1075 555 1161 (mnem.
577 1100 647 1142 nov.
667 1100 725 1142 ser.
737 1082 782 1140 lV
796 1081 855 1143 146
879 1077 950 1161 sqq)
973 1091 1006 1142 et
1027 1082 1073 1141 IV
1098 1086 1114 1145 1
1137 1092 1170 1142 et
1190 1083 1236 1143 IV
1253 1087 1274 1146 ὓ

172 1210 192 1249 a
211 1191 432 1268 posterioribus
458 1191 580 1251 scaenis
607 1192 747 1253 seiunxit.
791 1193 903 1268 Itaque
925 1201 1093 1270 antequam
1108 1195 1150 1252 ad
1173 1193 1276 1271 ipsam

171 1318 317 1360 scaenam
339 1299 584 1377 perlustrandam
602 1309 793 1360 transeamus
808 1301 896 1360 -hanc
911 1302 1041 1377 primum
1056 1302 1275 1379 quaestionem

175 1419 324 1488 quantum
345 1428 508 1486 possumus
534 1411 752 1487 disceptemus.

271 1520 312 1578 Et
338 1519 498 1597 Hasperus
527 1529 559 1578 et
585 1520 784 1579 Franckenus
813 1517 898 1597 (pag.
932 1523 991 1582 156
1014 1517 1064 1598 sq]
1087 1522 1160 1581 inde
1181 1540 1277 1599 argu·

171 1638 309 1689 mentum
329 1637 484 1705 repetunt,
507 1631 593 1705 quod
607 1629 735 1705 Milphio
757 1638 924 1706 postquam
946 1631 1163 1707 aSyncerasto
1185 1631 1276 1707 inge·

174 1758 251 1799 uuas
274 1756 344 1797 esse
366 1738 542 1797 meretrices
568 1740 717 1815 comperit
737 1732 869 1798 ‘nullam
890 1740 980 1799 huius
1008 1741 1053 1798 rei
1074 1741 1276 1816 gravissimae

175 1849 268 1908 saciat
290 1833 494 1906 mentionem’
515 1841 702 1927 (Hasperus)
721 1843 809 1907 ‘nihil
832 1867 870 1906 ex
886 1849 1020 1908 hiscum
1039 1850 1165 1909 domino
1188 1866 1276 1910 com·

174 1959 319 2030 municet‚
342 1958 391 2017 cui
414 1966 518 2015 tamen
532 1956 592 2017 hoc
612 1959 719 2016 nuntio
740 1957 814 2017 nihil
829 1960 1005 2035 exoptatius
1027 1977 1098 2018 esse
1113 1946 1276 2019 debuerit'

175 2061 409 2145 (Franckenus).
465 2067 575 2126 Mirum
601 2069 771 2127 admodum
801 2078 833 2126 et
860 2069 907 2127 vix
931 2068 1089 2139 credibile,
1109 2069 1135 2127 si
1159 2069 1276 2145 primos

177 2195 311 2235 scaenae
334 2177 456 2235 alterius
479 2178 636 2254 sequentis
662 2177 691 2234 V
715 2179 732 2236 2
755 2196 860 2236 versus
883 2179 1015 2254 perlegis
1023 2174 1062 2254 ¹):

260 2286 318 2361 Ag.
342 2287 391 2343 ain
414 2292 447 2342 tu
468 2286 522 2342 tibi
545 2284 617 2341 dixe
640 2283 865 2363 Syncerastum,
887 2284 1025 2361 Milphio,

343 2413 397 2453 eas
420 2412 489 2452 esse
511 2396 661 2471 ingenuas
684 2395 790 2453 ambas
813 2394 1010 2470 surrupticias

343 2499 626 2580 Carthaginiensis?

176 2615 403 2673 concordantes
426 2632 496 2672 cum
511 2631 644 2672 scaenae
666 2612 742 2672 IV2
758 2630 846 2672 versu
871 2615 921 2681 66,
943 2629 1006 2688 quo
1028 2612 1155 2690 Milphio
1169 2628 1203 2671 se
1218 2629 1276 2672 ero

176 2740 240 2781 rem
261 2723 465 2781 indicaturum
489 2738 558 2779 esse
582 2721 671 2781 dixit:

344 2831 402 2889 nisi
424 2831 553 2900 erohuni
573 2826 677 2906 me02)
699 2829 855 2888 indicasso
878 2846 942 2906 eqs.

277 2942 380 3019 Atque
404 2942 490 3016 quod
513 2939 709 2998 Franckenus
731 2957 801 3015 pag.
826 2942 885 2999 157
908 2938 1010 2998 multis
1030 2940 1129 2998 verbis
1149 2941 1280 3016 exponit

178 3068 258 3127 quae
282 3051 480 3127 Syncerastus
502 3051 534 3108 in
556 3068 670 3109 scaena
691 3048 736 3107 IV
759 3051 777 3108 2
802 3050 947 3108 elocutus·
963 3050 1002 3108 sit
1022 3049 1054 3108 in
1076 3067 1191 3108 scaena
1212 3048 1278 3111 Vh

175 3161 248 3219 nihil
278 3161 409 3230 efficere,
442 3161 513 3236 quia
533 3159 660 3236 Milphio
693 3177 796 3217 vemm
819 3177 882 3218 non
904 3160 1065 3235 suspicans
1086 3159 1279 3219 Hannonem

176 3270 318 3330 simulare
340 3272 435 3329 ducat
457 3287 491 3328 se
513 3270 579 3327 filiis
601 3269 753 3347 privatum
787 3286 865 3347 esse,
900 3268 1009 3328 nullius
1037 3286 1107 3328 esse
1127 3269 1279 3329 momenti

175 3389 260 3456 puto.
297 3381 376 3440 Nam
398 3380 519 3438 etiamsi
534 3378 661 3456 Milphio
684 3379 801 3454 puellas
826 3379 894 3439 illas
910 3378 1095 3457 Carthagine
1119 3386 1278 3453 surreptas

176 3509 245 3550 esse
268 3492 325 3550 scit
353 3499 447 3566 atque
468 3489 631 3548 Hannonis
660 3489 735 3546 filias
768 3490 881 3547 eodem
913 3506 986 3547 casu
1015 3489 1143 3564 periisse
1176 3488 1276 3559 audit,

176 3619 230 3660 cur
250 3617 314 3660 non
335 3608 449 3676 poetae
469 3600 620 3675 largimur,
645 3607 679 3657 ut
698 3600 741 3657 ad
761 3599 873 3658 iustam
896 3598 1018 3657 fabulae
1041 3593 1278 3675 καταστροφὴν

181 3790 380 3799 -ι--ι

278 3925 304 3992 1)
322 3925 415 3978 eodem
439 3935 593 3990 argumento
621 3934 711 3979 contra
737 3926 922 3977 Franckenum
947 3942 1015 3976 nunc
1040 3926 1120 3976 utitur
1149 3926 1279 3977 Goetzius

176 4025 231 4076 ind.
245 4022 329 4075 schol.
342 4038 402 4090 pag.
415 4023 441 4075 6.
461 4024 537 4074 Idem
556 4023 622 4074 duas
642 4023 692 4074 hos
708 4039 815 4075 scaenas
830 4029 988 4074 anteactum
1006 4023 1035 4072 11
1053 4037 1154 4089 ponens
1174 4022 1280 4088 optime
1374 4028 1385 4037 “

176 4118 402 4171 contaminationis
420 4120 596 4187 suspicionem
619 4136 634 4170 a
652 4127 742 4171 nostra
761 4119 854 4170 fabula
872 4119 977 4170 amovit.

275 4215 304 4285 2)
322 4217 383 4268 cod.
401 4216 454 4268 nisi
472 4233 518 4269 ero
536 4232 597 4269 meo
615 4217 670 4284 uui,
696 4223 795 4287 usurp.
813 4216 908 4270 Muell.
926 4232 999 4286 pros.
1017 4230 1079 4286 pag.
1098 4211 1152 4268 too
1170 4214 1230 4268 adn
1251 4216 1279 4273 1.
