2880 4808
699 295 734 350 45

266 472 344 533 Cum
365 490 454 532 versu
478 473 584 551 quinto
618 468 662 531 ‘in
684 471 741 532 sud
762 472 876 566 quique
898 473 967 532 loco
989 472 1049 531 sita
1063 459 1190 531 munde’
1211 471 1264 529 viri

117 642 121 653 ,
168 583 264 643 critici
273 579 297 664 1)
319 584 400 643 bene
423 592 677 661 comparaverunt
697 583 758 643 Tit.
782 584 843 643 130
865 578 937 659 (Ryz

210 691 319 753 verrlte
339 688 453 773 <mi)²)
477 694 563 753 aedis
586 690 721 769 spargite
744 692 859 751 munde
885 692 977 750 facite
998 689 1031 749 in
1052 709 1109 749 suo
1131 691 1244 767 quique

945 801 1015 860 loco
1036 799 1071 860 rit
1095 801 1154 861 sita
1176 801 1245 861 sint.

266 934 293 978 v.
321 917 339 975 6
370 915 450 974 inter
479 914 654 973 octonarios
683 913 899 990 anapaesticos
931 913 1050 989 positus
1071 931 1135 970 non
1157 912 1266 970 dubito

170 1022 241 1101 quin
270 1024 372 1083 eidem
404 1033 502 1083 metro
535 1025 575 1082 sit
606 1024 770 1100 aptandus.
833 1022 928 1096 Quod
959 1021 1138 1097 Spengelius
1168 1038 1267 1098 nuper

170 1134 331 1211 temptavit
352 1130 384 1209 (ll
406 1153 476 1210 pag.
501 1131 584 1210 394),
606 1117 808 1192 ‘murrineus'
831 1133 878 1191 vel
899 1133 973 1190 ideo
994 1150 1057 1190 non
1071 1131 1174 1207 placet
1196 1131 1267 1207 quia

170 1241 297 1302 Graecis
325 1239 496 1319 μυρρίνεος
538 1261 601 1320 quo
628 1243 678 1301 hic
710 1243 814 1301 nititur
840 1241 905 1300 fere
943 1249 990 1299 est
1017 1241 1206 1318 incognitum
1228 1239 1267 1300 cl.

170 1352 317 1428 Stephani
339 1353 417 1414 thes.
441 1371 463 1413 s.
480 1352 509 1413 h.
526 1372 553 1414 v.
578 1351 741 1411 Praeterea
762 1337 855 1428 ‘que’
876 1353 1004 1410 voculae
1026 1351 1076 1409 hic
1098 1352 1184 1408 locus
1205 1368 1268 1408 non

169 1469 226 1536 est,
248 1481 320 1520 nam
342 1471 377 1520 ut
391 1461 507 1519 Plinius
515 1457 541 1538 3)
564 1462 657 1521 refert
673 1461 811 1538 myrrhae
826 1462 962 1520 maxime
977 1479 1014 1518 ex
1030 1460 1143 1519 Arabia
1158 1477 1269 1535 appor-

169 1571 322 1641 tabantur,
354 1573 432 1629 sicut
459 1580 491 1629 et
520 1580 569 1629 tus
592 1571 630 1630 cl.
655 1571 747 1631 Truc.
769 1573 880 1646 539sq
902 1589 942 1628 ex
964 1570 1143 1629 Buecheleri
1165 1587 1269 1626 emen·

170 1680 314 1756 datione3
336 1698 438 1756 neque
460 1681 492 1738 ln
514 1680 719 1739 Ambrosiano
741 1689 774 1738 ut
795 1681 980 1740 Ritschelius
1003 1681 1134 1739 adnotat
1148 1673 1269 1754 (opusc.

168 1788 281 1866 IIpag.
296 1787 371 1866 339)
391 1776 475 1866 ‘que'
494 1790 640 1848 traditum
662 1799 720 1851 est.
754 1791 805 1848 Ad
826 1791 1018 1849 octonarium
1037 1790 1128 1867 igitur
1142 1789 1267 1863 explen-

170 1898 245 1955 dum
264 1917 325 1956 una
347 1900 461 1976 syllaba
484 1901 574 1958 deest
596 1893 683 1978 (nolo
708 1908 813 1958 autem
835 1918 905 1958 cum
916 1899 1067 1957 Muellero
1090 1915 1172 1974 pros.
1195 1915 1266 1973 pag.

172 2009 209 2065 61
235 2009 392 2083 transponi
414 2009 507 2066 verba
538 2026 577 2065 ne
605 2026 642 2066 ex
677 2026 764 2066 versu
792 2010 873 2067 bene
896 2009 1010 2066 fluente
1043 2007 1269 2066 claudicantem

171 2110 347 2195 faciamus),
382 2136 474 2194 quam
505 2136 647 2176 eruemus
671 2119 761 2177 facile
788 2119 813 2176 si
840 2118 954 2176 similes
981 2135 1085 2176 versus
1112 2135 1269 2193 compara·

171 2243 315 2286 veumus:

215 2337 232 2395 3
255 2337 396 2394 deamavi
413 2345 535 2395 ecastor
549 2338 609 2396 illic
623 2337 717 2396 hodie
733 2337 922 2413 lepidissima
937 2355 1065 2396 munera
1079 2337 1270 2395 meretricum

172 2525 370 2534 —-—

274 2656 300 2723 l)
319 2658 352 2710 cf.
371 2658 505 2710 Ritschel.
529 2674 620 2724 opusc.
644 2660 672 2708 11
696 2673 755 2725 pag.
783 2657 844 2709 326.
885 2658 1074 2722 Pennigsdorf.
1101 2659 1136 2708 de
1158 2658 1271 2724 quisque

174 2759 201 2802 et
219 2754 339 2820 quisquis
358 2755 541 2820 pronominum
559 2755 630 2820 apud
649 2754 766 2804 comicos
785 2753 883 2803 latinos
902 2770 952 2803 usu
970 2755 1153 2804 commentatio
1172 2768 1232 2820 pag.
1245 2752 1270 2804 8.

172 2850 295 2904 Mueller.
316 2867 386 2916 pros.
406 2867 465 2918 pag.
484 2850 528 2904 61.

272 2946 299 3014 2)
318 2943 373 2997 ‘mi‘
394 2949 506 2998 inseruit
524 2947 714 3000 Buechelerus.

275 3044 301 3107 3)
319 3044 389 3096 Plin.
413 3062 438 3096 n.
458 3045 484 3096 h.
505 3047 544 3096 VI
572 3045 623 3098 104
645 3042 740 3111 (Detl.)
764 3051 805 3093 est
835 3051 861 3093 et
883 3051 975 3109 portus
998 3043 1044 3109 qui
1067 3047 1175 3092 vocatur
1192 3043 1272 3091 Muza

174 3153 251 3202 quem
269 3140 363 3189 Indica
380 3141 513 3203 navigatio
533 3155 588 3189 non
605 3139 679 3205 petit,
698 3153 745 3187 nec
765 3138 817 3186 nisi
836 3138 901 3187 turis
914 3138 1079 3202 odorumque
1096 3136 1271 3185 Arabicorum

174 3245 339 3287 mercatores.
362 3237 420 3285 XII
442 3235 503 3288 100:
524 3234 724 3301 myrobalanum
743 3234 904 3300 Trogodytis
923 3240 950 3283 et
961 3233 1095 3283 Thebaidi
1114 3240 1139 3282 et
1152 3231 1272 3282 Arabiae

176 3347 244 3396 quae
253 3334 377 3382 Iudaeam
387 3333 420 3382 ab
432 3333 556 3398 Aegypto
570 3331 733 3382 disterminat
742 3345 881 3379 commune
894 3337 942 3386 est.
953 3344 1065 3378 nascens
1076 3335 1210 3392 unguento
1224 3366 1231 3379 .
1245 3366 1251 3379 .
1266 3365 1272 3379 .

177 3429 239 3479 101:
261 3446 291 3479 ex
303 3430 346 3479 his
366 3431 394 3479 in
412 3429 515 3478 Arabia
527 3444 639 3478 nascens
653 3428 762 3494 Syriaca
780 3426 930 3492 appellatur
943 3432 970 3476 et
988 3433 1029 3474 est
1042 3426 1164 3485 candida,
1183 3431 1273 3474 contra

175 3527 203 3576 in
221 3528 360 3578 Thebaide
379 3529 462 3592 nigra.
498 3529 645 3595 praefertur
663 3526 711 3576 illa
728 3526 849 3592 bonitate
875 3525 929 3575 olei
948 3526 1021 3591 quod
1040 3525 1200 3591 exprimitur,
1225 3524 1273 3574 sed

175 3624 253 3688 copia
270 3624 413 3674 Thebaica.
448 3626 507 3674 XII
525 3624 573 3676 51:
597 3625 762 3673 cinnamomo
781 3623 901 3689 proxima
919 3621 1052 3685 gentilitas
1072 3628 1134 3679 erat,
1154 3619 1181 3670 n'i
1199 3621 1273 3686 prius

175 3720 293 3770 Arabiae
307 3721 412 3770 divitias
424 3720 536 3771 indicari
551 3721 703 3770 conveniret
723 3734 868 3784 causasque
882 3733 949 3783 quae
965 3733 1113 3781 cognomen
1132 3716 1173 3766 illi
1185 3717 1273 3767 felicis
1347 3738 1348 3741 ¹

177 3836 206 3868 ac
230 3820 322 3870 beatae
342 3819 449 3872 dedere.
498 3818 660 3884 Principalia
687 3833 749 3881 ergo
773 3818 800 3867 in
814 3793 867 3867 illa
889 3824 932 3867 tus
951 3824 1030 3882 atque
1048 3833 1142 3868 murra.

276 3917 318 3966 De
332 3917 391 3966 aliis
398 3916 517 3966 Arabiae
529 3915 619 3966 herbis
634 3916 751 3966 odoratis
765 3916 797 3967 cl.
808 3917 866 3963 XII
881 3915 943 3965 104:
962 3915 1077 3964 calamus
1090 3928 1197 3978 quoque
1209 3913 1274 3962 odo·

176 4018 246 4061 ratus
256 4013 283 4061 in
291 4013 395 4063 Arabia
412 4028 564 4064 nascens..
582 4050 589 4063 .
606 4013 665 4061 XII
675 4011 723 4063 35:
742 4011 893 4062 bdellium.
909 4049 937 4062 ..
957 4026 1016 4060 esse
1035 4010 1116 4060 debet
1128 4008 1273 4060 tralucidae

177 4107 263 4158 simile
276 4123 360 4175 cerae,
379 4108 578 4160 odoratum...
597 4108 625 4156 iu
644 4109 732 4157 sacris
751 4107 813 4156 vino
828 4106 963 4172 perfusum
982 4105 1126 4157 odoratius.
1156 4103 1274 4155 nascitur

176 4203 204 4252 in
221 4204 324 4253 Arabia
344 4205 474 4271 Indiaque
499 4211 526 4254 et
544 4203 636 4252 Media
654 4219 684 4254 ac
703 4202 850 4269 Babylone.
881 4201 914 4252 de
933 4201 1031 4252 ladano
1051 4202 1085 4254 cs.
1103 4202 1160 4250 XII
1179 4198 1215 4250 73
1233 4211 1274 4261 sq.
