2880 4808
702 317 737 370 tt

208 492 227 551 b
249 499 336 550 tauta
357 490 398 550 rbi
420 491 510 569 copia
532 500 729 552 venustatum
753 492 861 554 aderat

209 603 227 660 'i
250 610 355 659 tantus
378 602 419 660 ibi
445 602 624 661 clientarum
647 611 713 662 erat
734 621 894 665 numerus:

168 710 274 786 itaque
297 711 390 770 etiam
412 711 442 769 in
463 711 546 770 hunc
571 728 689 770 versum
711 713 772 771 tale
794 730 965 789 pronomen
988 713 1171 773 inseramus:

268 822 377 879 arabus
397 820 569 879 murrhinus
590 822 632 880 illi
653 823 756 880 omnia
777 824 856 880 odor
877 823 1066 899 complebat:
1090 824 1216 881 sordere

936 966 939 971 ·
974 932 1057 990 baud
1079 927 1215 1007 visust1).

268 1060 294 1102 v.
317 1043 336 1101 8
359 1040 437 1098 sicut
468 1039 500 1098 in
524 1040 682 1099 codicibus
712 1041 841 1099 traditus
871 1049 919 1099 est
941 1042 1133 1099 octonarium
1154 1041 1270 1116 explet,

169 1149 344 1226 Geppertus
376 1151 454 1209 salso
480 1145 549 1209 ‘ibi'
579 1151 659 1211 inv.
683 1159 864 1228 sequentem
892 1151 1019 1212 traiecit.
1076 1125 1226 1208 Inversu
1250 1153 1267 1207 9

168 1260 359 1319 restituendo
380 1261 467 1319 multi
481 1278 607 1337 operam
628 1269 815 1336 posuerunt:
838 1260 1002 1319 Muellerus
1024 1277 1104 1336 pros.
1120 1277 1191 1336 pag.
1207 1261 1265 1318 106

168 1369 312 1432 vtnerint
335 1370 495 1447 proposuit
526 1386 701 1430 mensuram
733 1370 965 1440 intolerabilem,
993 1370 1032 1432 ci.
1055 1369 1268 1443 Sonnenburg.

167 1498 238 1556 pag.
256 1481 311 1550 173
335 1479 514 1556 Spengelius
536 1481 554 1538 ll
575 1498 646 1556 pag.
666 1482 726 1540 394
748 1478 894 1538 venerant
915 1480 1079 1550 Venerem,
1103 1496 1163 1555 qua
1182 1494 1267 1535 men-

169 1608 238 1649 sura
275 1590 436 1647 verborum
474 1589 702 1648 similitudinem
743 1607 928 1648 evanescere
960 1589 1022 1647 iam
1054 1587 1267 1663 Sonnenburg.

167 1718 240 1776 pag.
264 1701 303 1758 20
326 1716 382 1757 suo
406 1699 470 1756 iure
491 1706 661 1759 monuerat.
706 1697 816 1775 Neque
836 1698 920 1774 quod
949 1697 998 1756 hic
1021 1699 1087 1775 ipse
1107 1696 1268 1774 proposuit

164 1803 308 1867 ‘venrant
330 1786 497 1867 Venerem'
520 1808 661 1885 accipere
682 1826 809 1885 possum
830 1809 964 1867 eandem
985 1808 1066 1866 illam
1085 1808 1126 1865 ob
1143 1824 1265 1865 causam

169 1936 260 1994 quam
287 1918 354 1994 ipse
385 1918 518 1994 protulit,
551 1918 666 1976 deinde
698 1919 783 1994 quod
811 1917 889 1977 haec
918 1918 1128 1994 pronuntiatio
1150 1916 1267 1974 Latinis

168 2027 316 2102 exemplis
338 2036 431 2085 caret.
467 2027 509 2084 At
529 2026 683 2085 lenissima
705 2026 882 2085 coniectura
903 2034 935 2084 et
961 2034 1067 2102 aptum
1089 2042 1212 2083 sensum
1235 2032 1266 2082 et

166 2143 296 2192 metrum
316 2135 397 2192 bene
418 2135 516 2192 fluens
538 2134 732 2192 restituemus
755 2134 936 2192 scribentes:

318 2262 397 2320 quae
420 2242 621 2320 Calydoniam
643 2252 791 2302 venerant
813 2243 978 2313 Venerem,

169 2355 254 2431 quod
276 2353 406 2411 Poenuli
428 2360 610 2411 retractator
630 2352 645 2410 I
667 2354 695 2423 2,
721 2354 760 2413 66
782 2352 917 2412 imitatus
939 2360 1001 2414 est:

318 2462 398 2522 banc
422 2462 566 2537 equidem
588 2462 741 2519 Venerem
760 2463 938 2523 venerabor.

169 2571 235 2630 Nec
257 2573 369 2630 desunt
392 2571 507 2630 formae
527 2565 672 2629 ‘venero’
698 2573 838 2647 exempla
862 2572 900 2632 ci.
923 2569 1034 2631 Bacch.
1059 2572 1134 2631 173:

317 2682 507 2759 propinquos
529 2691 652 2740 nostros
675 2681 788 2740 accolis
811 2699 987 2757 veneroque
1009 2689 1057 2751 te;

269 2789 360 2852 Truc.
383 2791 463 2851 476:
487 2799 521 2847 ut
543 2807 686 2848 venerem
709 2789 857 2848 Lucinam
878 2808 987 2850 meam.

170 2899 258 2960 Coni.
300 2908 461 2975 praeterea
501 2885 661 2958 ‘veneror'
698 2900 819 2976 passive
858 2907 1039 2976 usurpatum
1072 2899 1160 2975 Apul.
1194 2908 1267 2961 met.

169 3009 214 3067 XI
237 3012 254 3069 2
276 3005 318 3086 (p.
342 3012 401 3070 985
426 3009 488 3084 Hi:
511 3010 676 3086 praeclaris
703 3028 786 3068 nunc
808 3011 961 3068 veneraris
983 3009 1120 3067 delubris
1141 2986 1268 3085 Ephesi.

167 3119 258 3195 Apul.
281 3119 402 3194 Asclep.
431 3136 498 3195 cap.
520 3120 559 3178 25
595 3114 637 3195 (p.
663 3120 722 3178 309
745 3115 805 3193 H):
840 3117 976 3176 omnium
1008 3135 1088 3194 quae
1117 3119 1270 3190 venerari,

168 3229 296 3299 laudari,
319 3228 413 3287 amari
435 3229 561 3289 debent.
583 3212 777 3286 ‘veneratus'
799 3227 890 3303 Verg.
914 3227 992 3286 Aen.
1015 3227 1154 3312 111460:

318 3355 485 3415 cursusque
508 3338 593 3396 dabit
616 3345 761 3397 venerata
784 3339 950 3398 secundos.

267 3449 342 3508 Hor.
366 3457 423 3509 sat.
445 3447 473 3505 Il
496 3451 524 3522 2,
549 3449 627 3507 124:
648 3455 793 3506 venerata
814 3446 917 3507 Ceres.

169 3558 277 3627 Etiam¹
305 3557 517 3643 Franckenum
548 3557 639 3614 video
676 3551 801 3634 (mnem.
827 3556 872 3615 IV
899 3534 972 3632 1'67)
1015 3557 1055 3613 de
1088 3554 1148 3614 hoc
1173 3557 1268 3614 verbo

170 3669 338 3744 cogitasse:
371 3667 583 3743 imperfectum
605 3666 655 3724 ille
673 3650 785 3743 posuit]
819 3665 928 3724 sedin
950 3674 1089 3741 tempore
1111 3666 1268 3741 praesenti

171 3796 235 3836 non
246 3778 432 3835 offensurum
442 3785 527 3853 put0,
553 3776 578 3834 si
590 3776 658 3852 quis
669 3777 712 3834 ad
730 3760 943 3835 ‘clientarum'
965 3792 1072 3834 vocem
1085 3775 1266 3851 respexerit:

270 4023 295 4093 1)
314 4024 374 4078 cod.
405 4024 538 4075 exhibent:
570 4024 675 4076 arabius
698 4025 880 4092 murrinusque
904 4025 988 4076 omnis
1016 4026 1084 4076 odor
1115 4026 1268 4094 complebat

169 4122 241 4173 haud
269 4122 377 4173 sordere
394 4121 487 4174 visust.
525 4122 603 4174 Char.
625 4139 651 4189 p.
674 4122 774 4175 1231<
802 4128 912 4173 testatur
928 4118 1052 4175 ‘arabus'.
1102 4124 1267 4175 Ceremiam

168 4225 271 4270 veteres
292 4218 408 4269 editores
430 4220 643 4271 emendaverunt.
