<?xml version="1.0" encoding="UTF-8"?>
<!DOCTYPE html PUBLIC "-//W3C//DTD XHTML 1.0 Transitional//EN"
    "http://www.w3.org/TR/xhtml1/DTD/xhtml1-transitional.dtd">
<html xmlns="http://www.w3.org/1999/xhtml" xml:lang="en" lang="en">
 <head>
  <title>
</title>
<meta http-equiv="Content-Type" content="text/html;charset=utf-8" />
  <meta name='ocr-system' content='tesseract 3.04.00' />
  <meta name='ocr-capabilities' content='ocr_page ocr_carea ocr_par ocr_line ocrx_word'/>
</head>
<body>
  <div class='ocr_page' id='page_1' title='image "./depoenuloplauti00schugoog_0006.png"; bbox 0 0 2880 4808; ppageno 0'>
   <div class='ocr_carea' id='block_1_1' title="bbox 168 1249 1338 1876">
    <p class='ocr_par' dir='ltr' id='par_1_1' title="bbox 168 1249 1338 1876">
     <span class='ocr_line' id='line_1_1' title="bbox 267 1249 1338 1327; baseline 0.001 -18"><span class='ocrx_word' id='word_1_1' title='bbox 267 1250 317 1310; x_wconf 90' lang='lat' dir='ltr'>De</span> <span class='ocrx_word' id='word_1_2' title='bbox 340 1251 479 1309; x_wconf 92' lang='lat' dir='ltr'>Poenulo</span> <span class='ocrx_word' id='word_1_3' title='bbox 497 1249 637 1308; x_wconf 90' lang='lat' dir='ltr'>Plautina</span> <span class='ocrx_word' id='word_1_4' title='bbox 660 1249 855 1327; x_wconf 87' lang='lat' dir='ltr'><strong>quaestiones</strong></span> <span class='ocrx_word' id='word_1_5' title='bbox 876 1249 996 1308; x_wconf 88' lang='lat' dir='ltr'>criticas</span> <span class='ocrx_word' id='word_1_6' title='bbox 1022 1269 1062 1308; x_wconf 94' lang='lat' dir='ltr'>eo</span> <span class='ocrx_word' id='word_1_7' title='bbox 1084 1251 1178 1309; x_wconf 90' lang='lat' dir='ltr'>modo</span> <span class='ocrx_word' id='word_1_8' title='bbox 1200 1269 1267 1311; x_wconf 90' lang='lat' dir='ltr'>sum</span> <span class='ocrx_word' id='word_1_9' title='bbox 1335 1295 1338 1300; x_wconf 85' lang='lat'>-</span> 
     </span>
     <span class='ocr_line' id='line_1_2' title="bbox 170 1358 1268 1437; baseline -0.001 -17"><span class='ocrx_word' id='word_1_10' title='bbox 170 1361 348 1437; x_wconf 85' lang='lat' dir='ltr'>scripturus,</span> <span class='ocrx_word' id='word_1_11' title='bbox 370 1368 403 1417; x_wconf 92' lang='lat' dir='ltr'>ut</span> <span class='ocrx_word' id='word_1_12' title='bbox 419 1360 549 1436; x_wconf 90' lang='lat' dir='ltr'>primum</span> <span class='ocrx_word' id='word_1_13' title='bbox 564 1360 605 1417; x_wconf 94' lang='lat' dir='ltr'>de</span> <span class='ocrx_word' id='word_1_14' title='bbox 619 1358 759 1436; x_wconf 80' lang='lat' dir='ltr'>prologo,</span> <span class='ocrx_word' id='word_1_15' title='bbox 781 1367 845 1416; x_wconf 92' lang='lat' dir='ltr'>tum</span> <span class='ocrx_word' id='word_1_16' title='bbox 866 1360 908 1417; x_wconf 92' lang='lat' dir='ltr'>de</span> <span class='ocrx_word' id='word_1_17' title='bbox 923 1359 1044 1418; x_wconf 84' lang='lat' dir='ltr'>fabulae</span> <span class='ocrx_word' id='word_1_18' title='bbox 1060 1360 1153 1436; x_wconf 90' lang='lat' dir='ltr'>ipsius</span> <span class='ocrx_word' id='word_1_19' title='bbox 1176 1362 1268 1419; x_wconf 90' lang='lat' dir='ltr'>inter-</span> 
     </span>
     <span class='ocr_line' id='line_1_3' title="bbox 168 1469 1265 1548; baseline 0.002 -20"><span class='ocrx_word' id='word_1_20' title='bbox 168 1470 326 1548; x_wconf 90' lang='lat' dir='ltr'>polatione</span> <span class='ocrx_word' id='word_1_21' title='bbox 339 1477 371 1527; x_wconf 91' lang='lat' dir='ltr'>et</span> <span class='ocrx_word' id='word_1_22' title='bbox 382 1469 598 1528; x_wconf 82' lang='lat' dir='ltr'>retractatione</span> <span class='ocrx_word' id='word_1_23' title='bbox 613 1486 712 1546; x_wconf 79' lang='lat' dir='ltr'>agam,</span> <span class='ocrx_word' id='word_1_24' title='bbox 728 1469 862 1544; x_wconf 91' lang='lat' dir='ltr'>denique</span> <span class='ocrx_word' id='word_1_25' title='bbox 874 1470 1036 1528; x_wconf 91' lang='lat' dir='ltr'>nonnullos</span> <span class='ocrx_word' id='word_1_26' title='bbox 1049 1469 1168 1528; x_wconf 88' lang='lat' dir='ltr'>fabulae</span> <span class='ocrx_word' id='word_1_27' title='bbox 1181 1471 1265 1530; x_wconf 90' lang='lat' dir='ltr'>locos</span> 
     </span>
     <span class='ocr_line' id='line_1_4' title="bbox 170 1577 1265 1655; baseline 0 -18"><span class='ocrx_word' id='word_1_28' title='bbox 170 1580 337 1637; x_wconf 90' lang='lat' dir='ltr'>emendare</span> <span class='ocrx_word' id='word_1_29' title='bbox 353 1596 455 1639; x_wconf 91' lang='lat' dir='ltr'>coner.</span> <span class='ocrx_word' id='word_1_30' title='bbox 484 1578 585 1635; x_wconf 90' lang='lat' dir='ltr'>Vnam</span> <span class='ocrx_word' id='word_1_31' title='bbox 602 1577 816 1655; x_wconf 88' lang='lat' dir='ltr'>quaestionem</span> <span class='ocrx_word' id='word_1_32' title='bbox 831 1578 895 1637; x_wconf 85' lang='lat' dir='ltr'>sere</span> <span class='ocrx_word' id='word_1_33' title='bbox 917 1588 1014 1638; x_wconf 89' lang='lat' dir='ltr'>totam</span> <span class='ocrx_word' id='word_1_34' title='bbox 1036 1580 1184 1639; x_wconf 84' lang='lat' dir='ltr'>intactam</span> <span class='ocrx_word' id='word_1_35' title='bbox 1198 1581 1265 1638; x_wconf 91' lang='lat' dir='ltr'>reli·</span> 
     </span>
     <span class='ocr_line' id='line_1_5' title="bbox 169 1686 1266 1766; baseline 0.001 -21"><span class='ocrx_word' id='word_1_36' title='bbox 169 1689 235 1766; x_wconf 91' lang='lat' dir='ltr'>qui:</span> <span class='ocrx_word' id='word_1_37' title='bbox 255 1707 330 1746; x_wconf 89' lang='lat' dir='ltr'>num</span> <span class='ocrx_word' id='word_1_38' title='bbox 344 1687 554 1746; x_wconf 89' lang='lat' dir='ltr'>contaminata</span> <span class='ocrx_word' id='word_1_39' title='bbox 576 1687 615 1745; x_wconf 89' lang='lat' dir='ltr'>sit</span> <span class='ocrx_word' id='word_1_40' title='bbox 630 1686 742 1756; x_wconf 83' lang='lat' dir='ltr'>sabula,</span> <span class='ocrx_word' id='word_1_41' title='bbox 765 1686 798 1745; x_wconf 95' lang='lat' dir='ltr'>id</span> <span class='ocrx_word' id='word_1_42' title='bbox 819 1689 902 1762; x_wconf 94' lang='lat' dir='ltr'>quod</span> <span class='ocrx_word' id='word_1_43' title='bbox 917 1688 969 1763; x_wconf 94' lang='lat' dir='ltr'>qui</span> <span class='ocrx_word' id='word_1_44' title='bbox 987 1689 1101 1765; x_wconf 89' lang='lat' dir='ltr'>primus</span> <span class='ocrx_word' id='word_1_45' title='bbox 1124 1707 1162 1747; x_wconf 93' lang='lat' dir='ltr'>ea</span> <span class='ocrx_word' id='word_1_46' title='bbox 1176 1690 1217 1747; x_wconf 89' lang='lat' dir='ltr'>de</span> <span class='ocrx_word' id='word_1_47' title='bbox 1233 1707 1266 1747; x_wconf 91' lang='lat' dir='ltr'>re</span> 
     </span>
     <span class='ocr_line' id='line_1_6' title="bbox 168 1790 1265 1876; baseline 0.003 -22"><span class='ocrx_word' id='word_1_48' title='bbox 168 1797 311 1856; x_wconf 86' lang='lat' dir='ltr'>disseruit</span> <span class='ocrx_word' id='word_1_49' title='bbox 324 1797 519 1872; x_wconf 81' lang='lat' dir='ltr'>Ladewigius</span> <span class='ocrx_word' id='word_1_50' title='bbox 542 1790 596 1876; x_wconf 92' lang='lat' dir='ltr'>(de</span> <span class='ocrx_word' id='word_1_51' title='bbox 608 1815 675 1859; x_wconf 92' lang='lat' dir='ltr'>can.</span> <span class='ocrx_word' id='word_1_52' title='bbox 687 1797 776 1858; x_wconf 94' lang='lat' dir='ltr'>Volc.</span> <span class='ocrx_word' id='word_1_53' title='bbox 789 1796 861 1856; x_wconf 86' lang='lat' dir='ltr'>Sed.</span> <span class='ocrx_word' id='word_1_54' title='bbox 872 1815 942 1873; x_wconf 84' lang='lat' dir='ltr'>pag.</span> <span class='ocrx_word' id='word_1_55' title='bbox 955 1796 1009 1873; x_wconf 88' lang='grc'>36)</span> <span class='ocrx_word' id='word_1_56' title='bbox 1029 1798 1163 1875; x_wconf 80' lang='lat' dir='ltr'>negavit,</span> <span class='ocrx_word' id='word_1_57' title='bbox 1182 1817 1265 1857; x_wconf 90' lang='lat' dir='ltr'>nunc</span> 
     </span>
    </p>
   </div>
   <div class='ocr_carea' id='block_1_2' title="bbox 167 1906 1268 2857">
    <p class='ocr_par' dir='ltr' id='par_1_2' title="bbox 167 1906 1268 2857">
     <span class='ocr_line' id='line_1_7' title="bbox 169 1906 1265 1982; baseline 0.001 -18"><span class='ocrx_word' id='word_1_58' title='bbox 169 1907 340 1982; x_wconf 88' lang='lat' dir='ltr'>complures</span> <span class='ocrx_word' id='word_1_59' title='bbox 361 1906 413 1963; x_wconf 92' lang='lat' dir='ltr'>viri</span> <span class='ocrx_word' id='word_1_60' title='bbox 435 1906 521 1965; x_wconf 90' lang='lat' dir='ltr'>docti</span> <span class='ocrx_word' id='word_1_61' title='bbox 543 1908 737 1965; x_wconf 89' lang='lat' dir='ltr'>contendunt</span> <span class='ocrx_word' id='word_1_62' title='bbox 754 1906 792 1967; x_wconf 86' lang='lat' dir='ltr'>cs.</span> <span class='ocrx_word' id='word_1_63' title='bbox 808 1906 1017 1965; x_wconf 86' lang='lat' dir='ltr'>Reinhardtus</span> <span class='ocrx_word' id='word_1_64' title='bbox 1033 1908 1064 1965; x_wconf 91' lang='lat' dir='ltr'>in</span> <span class='ocrx_word' id='word_1_65' title='bbox 1080 1906 1167 1968; x_wconf 91' lang='lat' dir='ltr'>Stud.</span> <span class='ocrx_word' id='word_1_66' title='bbox 1184 1909 1265 1967; x_wconf 89' lang='lat' dir='ltr'>stud.</span> 
     </span>
     <span class='ocr_line' id='line_1_8' title="bbox 168 2004 1267 2092; baseline 0.001 -19"><span class='ocrx_word' id='word_1_67' title='bbox 168 2016 183 2073; x_wconf 95' lang='lat' dir='ltr'>I</span> <span class='ocrx_word' id='word_1_68' title='bbox 204 2033 274 2091; x_wconf 81' lang='lat' dir='ltr'>pag.</span> <span class='ocrx_word' id='word_1_69' title='bbox 299 2017 358 2076; x_wconf 89' lang='grc'>109</span> <span class='ocrx_word' id='word_1_70' title='bbox 381 2032 439 2092; x_wconf 91' lang='lat' dir='ltr'>sqq</span> <span class='ocrx_word' id='word_1_71' title='bbox 461 2024 494 2074; x_wconf 91' lang='lat' dir='ltr'>et</span> <span class='ocrx_word' id='word_1_72' title='bbox 515 2015 714 2075; x_wconf 82' lang='lat' dir='ltr'>Franckenus</span> <span class='ocrx_word' id='word_1_73' title='bbox 733 2004 787 2074; x_wconf 80' lang='lat' dir='ltr'>‘de</span> <span class='ocrx_word' id='word_1_74' title='bbox 809 2015 938 2074; x_wconf 91' lang='lat' dir='ltr'>Poenuli</span> <span class='ocrx_word' id='word_1_75' title='bbox 961 2015 1118 2074; x_wconf 87' lang='lat' dir='ltr'>Plautinae</span> <span class='ocrx_word' id='word_1_76' title='bbox 1141 2034 1267 2092; x_wconf 89' lang='lat' dir='ltr'>compo-</span> 
     </span>
     <span class='ocr_line' id='line_1_9' title="bbox 168 2119 1267 2202; baseline 0.001 -21"><span class='ocrx_word' id='word_1_77' title='bbox 168 2119 285 2182; x_wconf 84' lang='lat' dir='ltr'>sitione’</span> <span class='ocrx_word' id='word_1_78' title='bbox 315 2141 463 2185; x_wconf 86' lang='lat' dir='ltr'>mnemos.</span> <span class='ocrx_word' id='word_1_79' title='bbox 485 2144 514 2184; x_wconf 91' lang='lat' dir='ltr'>n.</span> <span class='ocrx_word' id='word_1_80' title='bbox 534 2142 559 2184; x_wconf 92' lang='lat' dir='ltr'>s.</span> <span class='ocrx_word' id='word_1_81' title='bbox 581 2124 627 2182; x_wconf 92' lang='lat' dir='ltr'>IV</span> <span class='ocrx_word' id='word_1_82' title='bbox 656 2142 725 2201; x_wconf 79' lang='lat' dir='ltr'>pag.</span> <span class='ocrx_word' id='word_1_83' title='bbox 749 2127 809 2184; x_wconf 85' lang='grc'>146</span> <span class='ocrx_word' id='word_1_84' title='bbox 833 2143 899 2202; x_wconf 88' lang='lat' dir='ltr'>sqq.</span> <span class='ocrx_word' id='word_1_85' title='bbox 935 2124 1011 2183; x_wconf 91' lang='lat' dir='ltr'>Mihi</span> <span class='ocrx_word' id='word_1_86' title='bbox 1032 2125 1159 2202; x_wconf 89' lang='lat' dir='ltr'>quidem</span> <span class='ocrx_word' id='word_1_87' title='bbox 1180 2132 1267 2183; x_wconf 91' lang='lat' dir='ltr'>ante·</span> 
     </span>
     <span class='ocr_line' id='line_1_10' title="bbox 168 2233 1268 2311; baseline 0.002 -21"><span class='ocrx_word' id='word_1_88' title='bbox 168 2251 260 2309; x_wconf 88' lang='lat' dir='ltr'>quam</span> <span class='ocrx_word' id='word_1_89' title='bbox 282 2233 358 2293; x_wconf 92' lang='lat' dir='ltr'>haec</span> <span class='ocrx_word' id='word_1_90' title='bbox 385 2252 433 2293; x_wconf 91' lang='lat' dir='ltr'>res</span> <span class='ocrx_word' id='word_1_91' title='bbox 461 2252 517 2310; x_wconf 92' lang='lat' dir='ltr'>pro</span> <span class='ocrx_word' id='word_1_92' title='bbox 540 2243 625 2293; x_wconf 92' lang='lat' dir='ltr'>certo</span> <span class='ocrx_word' id='word_1_93' title='bbox 650 2234 815 2310; x_wconf 87' lang='lat' dir='ltr'>disceptari</span> <span class='ocrx_word' id='word_1_94' title='bbox 836 2235 942 2311; x_wconf 83' lang='lat' dir='ltr'>possit,</span> <span class='ocrx_word' id='word_1_95' title='bbox 972 2243 1039 2293; x_wconf 91' lang='lat' dir='ltr'>tota</span> <span class='ocrx_word' id='word_1_96' title='bbox 1061 2233 1166 2292; x_wconf 84' lang='lat' dir='ltr'>fabula</span> <span class='ocrx_word' id='word_1_97' title='bbox 1186 2251 1268 2309; x_wconf 91' lang='lat' dir='ltr'>quae</span> 
     </span>
     <span class='ocr_line' id='line_1_11' title="bbox 167 2343 1267 2420; baseline -0.001 -20"><span class='ocrx_word' id='word_1_98' title='bbox 167 2343 315 2402; x_wconf 84' lang='lat' dir='ltr'>maximas</span> <span class='ocrx_word' id='word_1_99' title='bbox 337 2343 406 2402; x_wconf 90' lang='lat' dir='ltr'>viris</span> <span class='ocrx_word' id='word_1_100' title='bbox 429 2344 539 2403; x_wconf 91' lang='lat' dir='ltr'>criticis</span> <span class='ocrx_word' id='word_1_101' title='bbox 562 2343 755 2402; x_wconf 85' lang='lat' dir='ltr'>difficultates</span> <span class='ocrx_word' id='word_1_102' title='bbox 771 2352 803 2401; x_wconf 89' lang='lat' dir='ltr'>et</span> <span class='ocrx_word' id='word_1_103' title='bbox 816 2343 956 2420; x_wconf 90' lang='lat' dir='ltr'>praebuit</span> <span class='ocrx_word' id='word_1_104' title='bbox 978 2352 1010 2401; x_wconf 92' lang='lat' dir='ltr'>et</span> <span class='ocrx_word' id='word_1_105' title='bbox 1024 2343 1153 2420; x_wconf 90' lang='lat' dir='ltr'>praebet</span> <span class='ocrx_word' id='word_1_106' title='bbox 1174 2360 1267 2420; x_wconf 90' lang='lat' dir='ltr'>quam</span> 
     </span>
     <span class='ocr_line' id='line_1_12' title="bbox 169 2452 1268 2529; baseline -0.003 -18"><span class='ocrx_word' id='word_1_107' title='bbox 169 2452 397 2511; x_wconf 85' lang='lat' dir='ltr'>accuratissime</span> <span class='ocrx_word' id='word_1_108' title='bbox 417 2454 638 2529; x_wconf 83' lang='lat' dir='ltr'>perscrutanda</span> <span class='ocrx_word' id='word_1_109' title='bbox 660 2453 789 2522; x_wconf 90' lang='lat' dir='ltr'>videtur,</span> <span class='ocrx_word' id='word_1_110' title='bbox 812 2461 845 2510; x_wconf 91' lang='lat' dir='ltr'>ut</span> <span class='ocrx_word' id='word_1_111' title='bbox 859 2454 932 2529; x_wconf 91' lang='lat' dir='ltr'>quid</span> <span class='ocrx_word' id='word_1_112' title='bbox 945 2453 1045 2512; x_wconf 91' lang='lat' dir='ltr'>Plauti</span> <span class='ocrx_word' id='word_1_113' title='bbox 1061 2454 1100 2512; x_wconf 90' lang='lat' dir='ltr'>sit</span> <span class='ocrx_word' id='word_1_114' title='bbox 1115 2452 1190 2528; x_wconf 92' lang='lat' dir='ltr'>quid</span> <span class='ocrx_word' id='word_1_115' title='bbox 1204 2470 1268 2509; x_wconf 92' lang='lat' dir='ltr'>non</span> 
     </span>
     <span class='ocr_line' id='line_1_13' title="bbox 169 2560 1268 2639; baseline -0.001 -20"><span class='ocrx_word' id='word_1_116' title='bbox 169 2560 369 2620; x_wconf 89' lang='lat' dir='ltr'>discernatur.</span> <span class='ocrx_word' id='word_1_117' title='bbox 404 2563 455 2621; x_wconf 84' lang='lat' dir='ltr'>Ad</span> <span class='ocrx_word' id='word_1_118' title='bbox 475 2562 556 2622; x_wconf 85' lang='lat' dir='ltr'>hanc</span> <span class='ocrx_word' id='word_1_119' title='bbox 570 2563 783 2639; x_wconf 89' lang='lat' dir='ltr'>quaestionem</span> <span class='ocrx_word' id='word_1_120' title='bbox 805 2564 1028 2622; x_wconf 87' lang='lat' dir='ltr'>enucleandam</span> <span class='ocrx_word' id='word_1_121' title='bbox 1051 2564 1076 2622; x_wconf 92' lang='lat' dir='ltr'>si</span> <span class='ocrx_word' id='word_1_122' title='bbox 1097 2562 1173 2639; x_wconf 92' lang='lat' dir='ltr'>quid</span> <span class='ocrx_word' id='word_1_123' title='bbox 1187 2561 1268 2619; x_wconf 90' lang='lat' dir='ltr'>hanc</span> 
     </span>
     <span class='ocr_line' id='line_1_14' title="bbox 168 2670 1268 2773; baseline -0.001 -45"><span class='ocrx_word' id='word_1_124' title='bbox 168 2670 457 2729; x_wconf 87' lang='lat' dir='ltr'>commentationem</span> <span class='ocrx_word' id='word_1_125' title='bbox 486 2672 625 2733; x_wconf 86' lang='lat' dir='ltr'>attulisse</span> <span class='ocrx_word' id='word_1_126' title='bbox 655 2672 794 2773; x_wconf 70' lang='lat' dir='ltr'>iipenes</span> <span class='ocrx_word' id='word_1_127' title='bbox 825 2689 902 2746; x_wconf 87' lang='lat' dir='ltr'>quos</span> <span class='ocrx_word' id='word_1_128' title='bbox 934 2671 1022 2731; x_wconf 93' lang='lat' dir='ltr'>huius</span> <span class='ocrx_word' id='word_1_129' title='bbox 1051 2672 1095 2730; x_wconf 92' lang='lat' dir='ltr'>rei</span> <span class='ocrx_word' id='word_1_130' title='bbox 1122 2671 1268 2729; x_wconf 91' lang='lat' dir='ltr'>iudicium</span> 
     </span>
     <span class='ocr_line' id='line_1_15' title="bbox 168 2779 710 2857; baseline 0.007 -21"><span class='ocrx_word' id='word_1_131' title='bbox 168 2787 217 2837; x_wconf 94' lang='lat' dir='ltr'>est</span> <span class='ocrx_word' id='word_1_132' title='bbox 237 2779 427 2850; x_wconf 91' lang='lat' dir='ltr'>iudicabunt,</span> <span class='ocrx_word' id='word_1_133' title='bbox 450 2781 603 2857; x_wconf 80' lang='lat' dir='ltr'>gaudebo.</span> <span class='ocrx_word' id='word_1_134' title='bbox 707 2853 710 2857; x_wconf 84' lang='lat'>.</span> 
     </span>
    </p>
   </div>
   <div class='ocr_carea' id='block_1_3' title="bbox 0 0 1444 4808">
    <p class='ocr_par' dir='ltr' id='par_1_3' title="bbox 0 0 1444 4808">
     <span class='ocr_line' id='line_1_16' title="bbox 0 0 1444 4808; baseline 0 0"><span class='ocrx_word' id='word_1_135' title='bbox 0 0 1444 4808; x_wconf 95' lang='lat' dir='ltr'> </span> 
     </span>
    </p>
   </div>
  </div>
 </body>
</html>
