2880 4808
699 320 734 373 to

172 508 340 561 ceterorum
361 517 501 560 versuum
524 505 597 575 apte
612 494 759 571 coniungi
780 499 919 569 possunt.
950 489 985 548 ln
999 507 1026 548 v.
1045 489 1104 546 157
1121 482 1265 544 offendit:

172 608 231 669 noli
253 625 435 670 suscensere
457 626 510 668 ero
531 622 603 665 meo
625 622 720 664 causa
740 620 821 672 mea,
854 600 941 677 quod
968 595 1127 674 quomodo
1149 595 1191 652 ad
1209 610 1266 652 no·

171 727 261 779 suan
296 734 441 778 scaenam
463 715 618 794 pertineat
641 729 705 772 non
737 711 886 778 videmus,
916 707 956 767 ci.
981 704 1129 764 Goetaius
1152 704 1172 760 ll
1194 720 1266 780 pag.

171 828 238 889 m.
273 826 319 886 Ex
341 825 405 887 aliis
427 825 537 884 fabulis
552 823 602 882 hic
617 838 721 881 versus
743 820 843 879 illatus
859 818 990 886 videtur,
1011 814 1050 876 cl.
1063 813 1174 890 Amph.
1190 813 1266 874 540:

381 934 443 994 noll
465 932 586 1002 amabo,
611 928 802 1009 Amphitruo,
823 926 914 987 irasci
935 925 1044 984 Sosiae
1066 939 1162 982 causa
1184 938 1254 980 mea

170 1043 252 1106 Asin.
277 1044 352 1106 417:
374 1056 491 1121 quaeso
524 1040 628 1100 hercle
664 1039 742 1108 noli,
784 1037 916 1105 Saurea,
951 1052 1023 1093 mea
1059 1050 1154 1092 causa
1187 1031 1269 1089 hunc

1032 1142 1205 1201 verberare.

171 1260 217 1321 Ex
240 1260 361 1321 duabus
375 1261 510 1338 partibus
533 1277 560 1320 v.
575 1260 634 1319 165
652 1256 804 1316 coaluisse
821 1254 959 1313 videtur:
981 1252 1079 1329 prima
1094 1250 1160 1310 eius
1176 1249 1270 1309 verba

171 1368 250 1431 bene
274 1377 389 1431 coeunt
411 1386 480 1429 cum
504 1387 529 1430 v.
552 1374 720 1445 sequente:

605 1488 699 1553 atque
723 1473 834 1532 hicne
856 1487 906 1531 me
930 1470 1071 1529 verberet

368 1587 447 1648 male
469 1585 609 1655 formido,

169 1705 307 1759 extrema
334 1689 434 1755 ‘illum
457 1695 550 1756 iaciat
571 1693 630 1753 nisi
651 1700 683 1751 te
704 1685 854 1769 propitio'
887 1706 991 1748 versus
1019 1687 1178 1765 sequentia
1202 1687 1270 1746 finis

170 1823 240 1867 esse
263 1807 412 1882 videntur,
438 1807 480 1863 ad
510 1803 594 1863 hunc
624 1816 743 1861 versum
777 1800 984 1876 supplendum
1006 1799 1154 1875 repetitus
1177 1806 1271 1874 atque
1303 1855 1308 1870 ,

170 1924 235 1976 tum
255 1922 422 1993 corruptus.

269 2024 327 2085 His
349 2021 449 2083 causis
482 2022 594 2081 ductus
613 2013 710 2079 ¹nullis
733 2019 801 2077 aliis
824 2019 923 2078 verbis
945 2019 977 2076 in
999 2034 1114 2077 scaena
1136 2015 1273 2093 genuina

171 2132 369 2211 Milphionem
390 2130 583 2190 meretricem
619 2128 788 2189 allocutum
811 2143 881 2186 esse
905 2143 1021 2186 censeo
1043 2127 1102 2186 nisi
1124 2144 1151 2184 v.
1169 2127 1271 2186 152-

172 2242 243 2303 tor.
277 2240 358 2316 Apte
380 2239 412 2298 hi
432 2247 634 2299 conectuntur
656 2245 688 2296 et
710 2253 780 2297 cum
801 2256 829 2296 v.
847 2239 907 2297 146
930 2245 963 2294 et
986 2254 1056 2295 cum
1077 2255 1105 2298 v.
1124 2238 1184 2297 168
1205 2253 1272 2316 sqq.

170 2348 273 2409 Etiam
296 2347 457 2420 Dalataho,
480 2348 531 2424 qui
553 2364 632 2406 mus,
666 2346 766 2405 Rhen.
790 2346 896 2404 XXIV
919 2364 990 2422 pag.
1014 2348 1076 2406 572
1099 2347 1172 2405 adn.
1198 2346 1274 2405 lide

170 2456 218 2517 his
239 2457 375 2516 versibus
408 2456 481 2535 egit,
514 2456 674 2534 Gepperto
701 2455 893 2531 obloquitur:
927 2464 1050 2532 praeter
1085 2472 1141 2514 eos
1168 2474 1275 2515 versus

171 2582 251 2645 quoa
284 2582 341 2625 noa
363 2566 559 2636 servavimus,
592 2564 705 2623 retinet
736 2566 914 2624 147-151.
949 2566 1018 2625 155.
1055 2567 1125 2626 156.
1162 2567 1222 2625 162
1248 2566 1276 2624 Α

169 2670 224 2753 (ει
239 2676 297 2736 166
311 2666 547 2751 Palatinorum):
570 2672 620 2731 cui
634 2672 807 2731 sententiae
819 2689 873 2730 cur
889 2672 1069 2748 adstipulari
1082 2691 1146 2732 non
1160 2675 1277 2751 possim

174 2800 213 2842 ex
228 2782 329 2842 causis
353 2798 444 2859 supra
464 2782 563 2843 allatis
579 2782 689 2842 elucet.
716 2780 806 2854 Quae
821 2788 941 2839 restant
957 2781 1070 2839 Goetzi
1091 2790 1275 2858 argumenta

171 2892 214 2953 ad
238 2906 345 2952 versus
362 2891 525 2952 126-166
548 2898 700 2967 spectant,
723 2905 801 2966 quos
818 2888 978 2966 Hesperus
1001 2908 1058 2949 suo
1073 2891 1138 2951 iure
1154 2892 1276 2952 delevit.

273 2999 345 3059 Hoc
365 2999 460 3059 modo
481 2998 506 3058 si
528 2999 617 3058 huius
640 3015 773 3059 scaenae
789 2998 906 3056 exitum
928 3008 1039 3057 contra
1054 2997 1164 3060 Goetz.
1188 3007 1276 3058 tene·

170 3127 250 3179 ruris,
274 3117 306 3167 ot
321 3109 492 3185 exemplum
507 3125 639 3169 scaenae
656 3108 825 3167 simillimae
840 3106 934 3168 Most.
958 3107 1007 3169 13
1025 3109 1192 3187 sequimur,
1216 3127 1278 3187 qua

169 3221 204 3281 in
226 3235 338 3279 scaena
361 3216 553 3277 Philolaches
576 3218 704 3294 primum
729 3216 859 3276 amicam
881 3217 1011 3292 eiusque
1034 3235 1154 3276 servam
1170 3219 1277 3277 obser·

171 3337 234 3399 vat,
263 3336 327 3387 tum
349 3320 392 3401 (v.
416 3322 490 3401 296)
514 3343 567 3385 eas
596 3326 785 3401 adgreditur,
809 3333 842 3383 et
871 3327 1029 3402 sequentis
1050 3343 1186 3386 scaenae
1206 3347 1234 3390 v.
1260 3333 1275 3388 1

171 3438 285 3499 rectius
319 3434 543 3511 intellegemus,
576 3452 639 3511 quo
670 3451 777 3493 servos
799 3435 839 3494 ab
864 3434 1069 3511 Agorastocle
1100 3436 1279 3497 admonitus

171 3555 208 3606 ut
230 3544 359 3607 consilio
381 3560 466 3602 orum
489 3544 613 3603 adiuvet
634 3543 739 3603 statim
759 3545 854 3604 verba
875 3543 1050 3621 profundit:
1075 3540 1129 3604 ‘ut
1150 3564 1280 3606 mevet-

172 3647 293 3731 beres'3
317 3700 323 3716 .
346 3696 353 3713 .
375 3669 447 3712 nam

338 3780 366 3823 v.
389 3762 408 3819 t
430 3759 578 3820 malorem
600 3767 719 3837 partem
741 3761 773 3819 in
795 3779 849 3821 ore
872 3761 994 3823 habitas
1016 3781 1105 3823 meo:

171 3879 260 3935 oerte
275 3871 300 3931 si
316 3876 383 3930 tota
397 3868 500 3929 sabula
511 3868 638 3947 Milphio
653 3886 717 3929 non
733 3871 867 3951 vapulat,
890 3871 1000 3932 horum
1016 3891 1160 3934 versuum
1175 3883 1281 3953 aptam

170 3996 237 4043 non
264 3980 401 4041 videmus
425 3992 559 4037 causam.
