2880 4808
249 490 320 549 Non
341 493 432 568 plane
455 491 537 550 idem
560 511 598 552 ac
625 493 748 568 dequo
771 487 943 569 quaerimus
966 514 1075 556 sensus
1097 499 1247 557 invenitur

148 600 181 659 in
215 599 342 660 Catonis
375 602 451 678 orig.
476 605 525 671 13,
549 606 567 663 6
589 604 604 661 Ι
626 604 677 677 (=
702 607 751 680 69,
777 610 792 665 1
817 603 881 681 P.):
912 608 985 684 quia
1006 609 1031 665 is
1054 609 1137 666 locus
1159 628 1247 666 mon·

149 711 230 769 tibus
252 719 398 786 praestet,
421 711 587 770 Praeneste
611 714 727 789 oppido
748 731 862 772 nornen
884 717 985 791 dedit;

149 819 211 879 alio
233 837 326 879 sensu
347 819 441 882 Naev.
465 822 523 879 109
546 813 597 899 (R.
612 817 692 899 112):

588 932 638 1008 qui
660 935 745 1008 apud
765 943 874 1008 gentes
897 936 980 994 solus
1002 945 1147 1012 praestat.

151 1040 266 1099 Primus
298 1050 449 1117 quantum
478 1042 542 1100 scio
572 1039 681 1099 Cicero
713 1042 796 1103 Brut.
820 1044 861 1102 64
887 1040 954 1119 (qui
986 1044 1070 1103 locus
1104 1063 1183 1103 unus
1216 1047 1248 1103 in

150 1150 253 1208 lexicis
283 1151 430 1226 adfertur)
466 1152 556 1208 dixit:
592 1168 665 1209 suos
699 1152 778 1209 inter
800 1154 946 1229 aequales
976 1154 1067 1228 louge
1088 1155 1247 1230 praestitit.

152 1259 221 1316 Hoc
241 1260 332 1335 igitur
353 1268 491 1335 tempore
512 1260 639 1335 primum
670 1267 704 1318 ut
726 1261 873 1318 excellere
881 1255 908 1340 1)
931 1263 1054 1321 verbum
1086 1264 1129 1321 sic
1155 1264 1249 1321 etiam

152 1377 308 1444 praestare
329 1369 388 1427 hac
410 1377 560 1427 structura
581 1378 762 1445 usurpatum
784 1388 852 1428 esse
881 1371 994 1433 iudico.
1050 1371 1249 1430 Grammatici

152 1478 236 1535 latIni
259 1478 372 1537 nullam
393 1479 484 1536 aliam
506 1487 688 1537 structuram
711 1481 769 1538 nisi
797 1498 866 1538 cum
888 1482 992 1539 dativo
1021 1490 1052 1539 et
1075 1484 1248 1540 accusativo

152 1596 264 1646 norunt
291 1587 329 1647 cf.
356 1587 526 1646 Diomedes
560 1588 615 1645 GL
643 1588 748 1663 1313,
771 1589 789 1648 9
813 1590 857 1647 K:
885 1599 997 1648 anteeo
1018 1590 1059 1648 illi
1079 1602 1112 1649 et
1125 1600 1249 1667 praesto

153 1696 194 1753 illi
216 1698 321 1755 dativo
344 1715 417 1755 casu
440 1699 577 1766 dicimus,
599 1706 633 1755 ut
656 1697 765 1756 Cicero
785 1687 855 1774 ‘qui
878 1701 1017 1759 omnibus
1039 1701 1249 1777 intellegentia

154 1802 307 1864 anteibat’
324 1853 330 1867 .
347 1850 379 1868 ..
403 1816 434 1865 et
456 1807 617 1866 Sallustius
636 1796 811 1883 ‘praestare
831 1811 942 1867 ceteris
965 1807 1170 1880 animalibus'‚
1193 1812 1249 1868 sed

143 1888 187 1973 ⁸et
224 1918 398 1975 accusativo
431 1916 581 1992 Vergilius
598 1961 605 1975 .
622 1961 652 1979 ..
684 1926 756 1975 ante
793 1918 877 1976 illum
908 1919 1083 1986 Terentius,
1123 1919 1250 1977 Plautus

155 2023 210 2097 (sc.
234 2027 374 2101 anteire).
421 2027 529 2096 1319,
554 2031 584 2086 1:
618 2036 742 2103 praesto
773 2029 914 2086 omnibus
943 2037 974 2086 et
1004 2046 1112 2087 omnes
1144 2029 1252 2097 melior

155 2151 231 2203 sum,
253 2144 376 2210 praesto
399 2143 503 2193 autem
525 2136 579 2192 tibi
608 2136 744 2211 praebeo
771 2136 834 2195 tibi.
868 2136 960 2197 Prisc.
984 2137 1039 2195 GL
1060 2138 1192 2208 111352,
1217 2142 1248 2199 6:

154 2260 211 2300 nos
233 2261 357 2320 quoque
379 2253 502 2320 praesto
527 2253 558 2302 te
581 2253 611 2302 et
632 2245 695 2304 tibi.

256 2483 452 2554 1)Draegen1s
472 2486 519 2536 ubi
538 2487 572 2536 de
590 2487 632 2537 his
645 2487 733 2537 verbis
753 2487 807 2550 agit
835 2485 913 2555 (synt.
931 2483 958 2537 12
974 2503 1036 2556 pag.
1051 2486 1103 2538 379
1116 2484 1158 2553 sq)
1176 2487 1250 2553 Seyl-

156 2582 215 2631 ferti
234 2582 361 2632 iudicium
382 2582 501 2648 sequitur
520 2580 565 2648 (cf.
586 2583 643 2632 eius
662 2589 797 2646 grammat.
816 2583 967 2648 praefatio):
990 2582 1057 2633 ‘sich
1076 2585 1253 2634 auszeichnen

156 2686 232 2729 unter
251 2681 323 2729 einer
342 2677 443 2739 Classe,
467 2695 500 2729 zu
518 2679 566 2728 der
581 2681 689 2746 jemand
709 2679 812 2743 geho'rt,
839 2680 924 2729 heisst
949 2681 1053 2731 excello
1072 2682 1126 2730 und
1146 2688 1251 2747 praesto

137 2776 239 2829 'inter'.
276 2776 353 2826 Certe
372 2776 424 2825 hoc
450 2776 531 2826 modo
550 2776 584 2825 de
603 2776 771 2826 Ciceroniani
796 2783 896 2826 tautum
920 2778 1047 2843 temporis
1065 2794 1116 2827 usu
1134 2779 1252 2827 iudicare

156 2874 225 2926 licet.
262 2875 331 2923 Nam
350 2873 453 2923 excello
473 2873 547 2922 verbi
567 2873 637 2938 apud
657 2874 774 2922 comicos
795 2874 936 2939 scriptores
956 2874 1032 2923 nulla
1050 2874 1133 2924 forma
1151 2875 1251 2923 inveni-

156 2974 198 3018 tur
215 2969 268 3018 nisi
285 2974 351 3033 part.
371 2967 438 3032 perf.
454 2983 524 3032 pass.
543 2968 651 3017 Terenti
670 2983 746 3017 versu
764 2968 850 3018 Andr.
870 2967 932 3019 356:

255 3065 302 3114 nbi
320 3071 346 3115 te
365 3081 419 3115 non
445 3066 551 3114 invenio
575 3065 614 3115 ibi
637 3066 752 3115 ascendo
776 3066 805 3114 in
836 3066 968 3131 quendam
996 3067 1130 3117 excelsum
1154 3068 1252 3128 locum,

157 3164 229 3228 quod
252 3164 286 3212 ad
308 3163 471 3212 transitivam
497 3163 573 3212 verbi
593 3163 728 3212 notionem
755 3163 824 3212 redit
854 3161 898 3230 (cf.
917 3161 1027 3229 κέλλω).
1064 3166 1168 3215 Primus
1187 3166 1252 3215 Cato

90 3286 95 3292 ·
156 3259 321 3309 intransitive
341 3261 407 3309 dixit
426 3258 504 3326 (orig.
520 3260 564 3320 22,
582 3263 592 3311 l
607 3261 621 3309 I
634 3260 724 3319 =82‚
740 3261 773 3311 10
790 3259 837 3326 Ρ);
861 3259 924 3309 ‘scio
944 3260 1031 3310 solere
1050 3262 1185 3328 plerisque
1206 3262 1254 3312 lro·

157 3357 271 3406 minibus
289 3358 369 3406 rebus
390 3357 515 3407 secundis
532 3364 610 3423 atque
627 3357 739 3423 prolixis
753 3364 831 3423 atque
844 3357 978 3422 prosperis
991 3358 1104 3407 animum
1123 3362 1254 3409 excellere

157 3460 236 3519 atque
263 3454 413 3519 superbiam
430 3454 597 3518 augescere’:
618 3455 690 3519 quod
710 3461 736 3503 et
753 3454 841 3519 ipsum
860 3469 892 3503 ex
910 3455 1026 3517 genuina
1043 3455 1122 3504 huius
1135 3455 1210 3504 verbi
1228 3456 1253 3503 vi

157 3550 321 3600 intransitive
340 3567 416 3600 versa
429 3550 614 3617 explicandum
635 3558 676 3601 est
698 3550 765 3600 ‘sich
783 3551 1017 3614 herausbewegen‚
1038 3551 1253 3603 heraustreiben’.

158 3647 251 3697 Cicero
271 3664 360 3698 rursus
379 3663 458 3714 saepe
478 3649 569 3713 posuit
587 3648 691 3698 excello
710 3648 777 3698 inter
796 3655 822 3698 et
842 3648 944 3698 excello
960 3648 1048 3699 alicui.
1079 3650 1146 3698 Inde
1165 3656 1254 3699 natum

158 3751 198 3793 est
216 3744 382 3811 participium
400 3760 484 3810 praes.
504 3751 553 3797 act.
571 3745 643 3794 idem
662 3745 716 3794 fere
738 3745 889 3808 significans
909 3752 988 3812 atque
1011 3753 1077 3811 part.
1097 3746 1164 3811 perf.
1183 3760 1254 3811 pass.

158 3841 191 3893 cs.
210 3842 338 3906 imprimis
358 3841 423 3893 bell.
444 3841 523 3908 Hisp.
548 3858 606 3907 cap.
623 3843 694 3892 VIII
721 3840 889 3908 ‘oppidorum
916 3858 1011 3906 magna
1033 3859 1095 3909 pars
1119 3842 1254 3892 montibus

159 3939 211 3989 fere
230 3939 330 3988 munita
348 3945 375 3987 et
393 3945 485 3988 natura
506 3937 699 3988 excellentibus
728 3937 796 3987 locis
826 3945 865 3988 est
896 3938 1045 3988 constituta²
1074 3945 1100 3988 et
1126 3938 1256 3987 XXVIII

158 4034 231 4085 ‘loca
250 4036 409 4086 excellentia
429 4034 539 4086 tumulis
560 4034 697 4085 contineri'
716 4049 775 4083 curn
792 4035 841 4084 illo
862 4051 940 4100 quem
959 4051 1037 4101 supra
1056 4037 1132 4086 attuli
1149 4034 1256 4085 Terenti

158 4133 229 4185 loco.
267 4134 321 4182 Sed
338 4133 405 4183 baec
424 4139 452 4182 ut
471 4141 591 4183 accurate
609 4147 754 4198 persequar
774 4132 808 4180 ab
826 4132 878 4181 hoc
897 4132 958 4182 loco
983 4130 1099 4182 alienum
1124 4140 1175 4181 est:
1204 4131 1256 4181 suf-

159 4229 229 4279 ficiat
246 4238 408 4282 monstrasse
427 4229 555 4296 paulatim
572 4228 667 4278 borum
685 4229 826 4278 verborum
844 4229 898 4278 viru
919 4243 979 4278 esse
997 4227 1166 4278 immutatam.

1090 4340 1107 4389 3
