2880 4808
700 291 736 343 37

168 486 331 544 personam
354 468 479 526 codices
510 487 630 528 versum
663 469 850 545 superiorem
884 471 1042 528 dicentem
1084 471 1197 528 faciant
1230 489 1267 528 ex

117 612 119 617 ·
169 577 327 654 Gepperti·
345 578 482 657 editione
513 597 568 655 pro
597 586 682 636 certo
716 597 822 637 eruere
857 598 920 638 non
954 597 1098 655 possum:
1133 588 1215 638 certe
1237 579 1266 637 D

170 684 329 762 (Ritscheli
351 686 391 760 C)
424 706 544 746 versum
574 690 629 746 dat
656 688 812 748 Hannoni.
863 690 976 748 Pareus
1007 690 1099 747 verba
1131 699 1268 747 extrema

168 798 344 856 Anterastili
376 797 481 855 tribuit
511 797 582 855 nihil
616 799 778 858 adnotans
838 798 887 855 De
910 800 938 857 A
968 784 1141 875 Gepnertus
1175 807 1266 860 tacet.

168 907 221 966 llla
232 915 335 966 autem
351 908 472 983 sirecte
488 908 651 983 disputavi,
675 909 708 965 id
724 909 809 983 quod
824 927 862 966 ex
874 910 1034 966 verborum
1050 909 1268 967 consecutione

170 1016 216 1072 vix
239 1016 372 1074 dubitari
393 1024 505 1092 potest,
530 1035 558 1077 v,
580 1019 620 1077 59
645 1018 754 1075 saltem
776 1026 912 1076 extrema
936 1019 1028 1076 verba
1050 1019 1089 1076 ab
1110 1016 1267 1077 Hannone

169 1126 365 1202 pronuntiata
389 1134 467 1200 sunt,
491 1127 685 1202 sequiturque
706 1128 738 1184 in
760 1127 860 1202 aliqua
888 1128 1011 1185 actione
1034 1128 1267 1202 Agorastoclem

169 1234 284 1310 puellas
307 1235 337 1291 in
359 1235 405 1292 ius
428 1253 557 1294 vocasse
579 1244 671 1311 atque
692 1236 878 1294 Hannonem
903 1255 974 1295 esse
994 1245 1191 1297 antestatum.

267 1344 305 1405 V.
329 1362 462 1420 sequens
490 1344 563 1420 quid
596 1346 628 1402 in
654 1354 760 1404 nostra
788 1364 902 1404 scaena
931 1347 1031 1403 valeat
1062 1364 1112 1402 me
1144 1363 1268 1422 prorsus

170 1471 231 1511 non
254 1454 433 1529 intellegere
459 1454 565 1515 fateor.
623 1454 734 1512 Denuo
764 1464 829 1513 tum
850 1455 964 1513 Hanno
987 1475 1013 1514 v.
1039 1457 1077 1513 62
1100 1457 1215 1530 puellas
1237 1455 1268 1512 in

169 1563 216 1620 ius
238 1571 342 1622 vocat:
367 1563 428 1621 iam
447 1563 576 1620 audiunt
599 1571 630 1620 et
650 1564 849 1639 respondent,
873 1564 931 1621 sed
954 1580 1009 1620 suo
1031 1563 1095 1619 iure
1110 1562 1268 1636 Hasperus

168 1672 224 1729 hos
247 1690 352 1730 versus
375 1673 497 1745 delevit.
552 1672 632 1730 Nam
653 1691 671 1729 e
693 1674 791 1730 verbis
814 1672 1023 1748 Agorastoclis
1044 1660 1132 1728 ‘dice
1156 1679 1188 1728 tu
1210 1655 1267 1728 illi'

169 1781 231 1839 sive
250 1766 316 1839 ‘tu'
339 1783 380 1839 ad
402 1781 588 1840 Hannonem
614 1783 686 1851 sive,
721 1783 806 1857 quod
835 1782 934 1840 minus
963 1782 1074 1858 placet,
1108 1782 1149 1838 ad
1176 1781 1269 1839 Adel·

168 1876 308 1967 phasiurn
330 1890 486 1949 referimus
503 1900 587 1949 certe
603 1891 733 1950 efficitur
754 1893 864 1949 iterum
879 1892 918 1948 ab
934 1890 1138 1967 Agorastocle
1153 1891 1268 1966 puellas

168 2001 200 2057 in
221 2001 267 2059 ius
286 2002 397 2060 vocari.
437 2001 601 2059 Praeterea
624 2001 649 2058 si
671 2000 718 2057 his
734 2000 832 2058 verbis
849 1999 1068 2074 Agorastocles
1081 1998 1269 2057 Hannonem

168 2117 203 2165 ut
235 2110 424 2184 respondeat
468 2104 530 2185 (vel
569 2108 791 2184 Adelphasium
825 2117 860 2166 ut
895 2107 1083 2166 Hannonem
1119 2101 1266 2185 appellet)

169 2218 350 2277 adhortatur
370 2236 473 2277 rursus
497 2237 567 2275 curn
600 2218 635 2275 iis
658 2236 721 2274 non
743 2217 890 2276 cohaeret
912 2236 939 2276 v.
963 2235 1095 2295 sequens
1118 2219 1159 2276 ad
1186 2218 1268 2292 Ago·

168 2330 330 2386 rastoclem
353 2329 462 2388 dictus.
513 2328 643 2385 Accedit
665 2328 748 2402 quod
775 2346 801 2387 v.
828 2329 876 2387 65.
901 2329 939 2387 66
968 2327 1000 2384 in
1027 2337 1133 2385 nostra
1156 2345 1270 2386 scaena

154 2438 389 2512 languidissimi
412 2447 482 2496 sunt
498 2438 570 2513 quia
585 2437 820 2511 Agorastoclem
835 2437 1018 2513 quibusdam
1035 2437 1267 2495 condicionibus

170 2547 209 2603 de
232 2546 359 2603 consilio
382 2563 439 2604 suo
454 2547 635 2603 destitumm
650 2547 838 2603 ostendunt:
862 2546 997 2621 denique
1020 2563 1082 2603 non
1104 2548 1269 2622 neglegen-

170 2656 243 2712 dum
264 2663 312 2712 est
328 2673 355 2715 v.
372 2658 409 2714 61
431 2647 504 2712 ‘nisi
526 2655 700 2712 honestiust
720 2647 885 2730 prehendi'
907 2672 970 2712 non
992 2656 1075 2713 coire
1091 2674 1160 2714 cum
1180 2674 1269 2715 versu

170 2765 209 2822 56
231 2782 292 2840 quo
315 2764 533 2838 Agorastocles
558 2764 778 2839 Adelphasium
804 2765 864 2822 iam
889 2765 1145 2839 apprehenderat.

266 2873 408 2931 Tandem
444 2892 470 2934 v.
500 2875 538 2933 67
570 2871 697 2948 (inquo
720 2872 894 2948 Geppertus
922 2882 1096 2947 corruptam
1123 2875 1267 2932 codicum

169 2983 346 3042 rectionem:
367 2972 427 3040 ‘ite
447 2971 537 3042 sotrs’
562 2984 626 3040 sine
643 2983 736 3040 dubio
760 2991 844 3040 reete
859 2984 988 3041 muravit
1010 2984 1041 3041 in
1059 2977 1120 3042 ‘rte
1140 2985 1172 3042 in
1193 2969 1268 3058 rus')

169 3093 211 3149 ad
233 3101 338 3168 aptum
362 3093 582 3150 sententiarum
604 3093 744 3149 ordinem
777 3100 808 3149 et
830 3109 975 3150 scaenam
1004 3110 1073 3148 vere
1096 3092 1268 3151 Plautinam

169 3218 362 3260 revocamur:
386 3201 461 3276 quid
482 3201 573 3277 igitur
595 3219 621 3258 v.
645 3202 768 3260 42—66
793 3199 963 3259 faciamus?
1007 3199 1086 3259 Satis
1108 3219 1268 3277 argumen-

170 3319 271 3369 torum
298 3311 459 3386 protulisse
485 3311 575 3368 nobis
604 3310 751 3379 videmur,
785 3319 818 3367 ut
846 3327 909 3366 non
939 3310 1043 3367 leviter
1073 3327 1210 3384 agamus,
1244 3313 1270 3370 si

170 3429 267 3479 totam
282 3421 362 3479 hanc
378 3429 496 3478 vastam
511 3421 623 3478 molem
638 3439 677 3477 ex
698 3419 909 3477 diversissimis
921 3420 1057 3478 versibus
1074 3420 1269 3478 commixtam

170 3547 232 3587 uno
250 3539 321 3587 actu
342 3532 497 3606 exigimus.
532 3529 623 3589 Certe
638 3531 691 3608 qui
706 3531 889 3605 obloquetur
905 3547 1013 3587 sanum
1032 3548 1174 3589 versuum
1190 3533 1275 3591 inter·

172 3657 205 3697 se
239 3658 391 3698 conexum
423 3641 491 3698 volo
524 3642 678 3700 ostendat.
730 3639 808 3698 Cum
840 3658 867 3700 v.
897 3640 989 3715 igitur
1016 3643 1054 3700 41
1085 3659 1205 3699 versum
1228 3643 1267 3701 67

171 3748 420 3823 coniungendum
453 3767 521 3807 esse
554 3751 666 3819 iudico,
687 3750 744 3807 ,ita
779 3758 813 3807 ut
843 3768 870 3809 v.
904 3752 943 3809 41
976 3749 1090 3808 Hanno
1127 3751 1268 3826 accedat,

170 3859 287 3934 puellae
310 3860 489 3929 consistant,
519 3868 582 3917 tum
606 3868 723 3918 mutato
746 3868 843 3917 metro
864 3859 977 3918 Hanno
999 3860 1117 3934 puellas
1139 3859 1191 3915 ubi
1213 3859 1269 3915 ad-

169 3985 290 4042 gressus
312 3976 361 4027 est
379 3957 463 4026 ‘citis
485 3953 607 4026 iambis’
628 3969 660 4026 in
681 3969 728 4026 ius
752 3976 849 4027 vocet.

268 4077 304 4134 In
325 4079 438 4155 reliqua
460 4096 574 4137 scaena
594 4079 764 4154 gaudemus
787 4079 872 4153 quod
896 4078 995 4135 Plauti
1026 4077 1144 4136 facetiis
1167 4075 1266 4134 securi

172 4186 228 4246 frui
250 4203 430 4265 possumus;
466 4188 586 4248 duobus
610 4196 729 4247 tantum
759 4187 832 4246 locis
860 4187 1057 4248 offendimur:
1080 4204 1118 4244 ac
1139 4185 1269 4264 primum
