2880 4808
706 296 740 348 39

173 471 288 542 studet,
323 490 412 548 quem
443 473 580 556 sequitur
602 474 840 536 Brachmannus.
894 476 935 534 At
967 477 1066 550 plures
1098 494 1195 553 nuper
1216 476 1270 535 viri

174 581 261 640 docti
281 581 418 641 oblocuti
440 591 524 643 sunt:
547 583 693 659 Bergkius
717 584 789 659 phil.
805 585 842 643 31
859 602 929 661 pag.
949 588 1008 645 244
1031 593 1063 644 et
1077 586 1269 661 Brugmanus
1374 595 1378 609 ¹

174 683 448 768 (quemadmodum
469 693 501 750 in
522 692 653 751 iambico
676 693 797 751 senario
820 694 952 752 Romani
967 703 1085 752 veteres
1108 697 1269 754 verborum

174 808 319 859 accentus
343 819 411 859 cum
432 803 565 860 numeris
587 804 801 874 consociarint,
825 803 903 863 thes.
927 802 967 878 Ι),
990 805 1041 879 qui
1060 806 1144 880 quod
1160 823 1268 863 omnes

173 917 296 968 ceterae
319 910 417 969 Plauti
433 920 465 971 et
476 912 602 971 Terenti
625 912 746 971 fabulae
762 913 888 972 canticis
910 913 1052 971 finiantur
1068 914 1269 989 posteriorem

174 1019 282 1080 Plauto
316 1023 463 1092 tribuunt,
493 1032 525 1081 et
553 1023 727 1100 Stephanus
758 1018 810 1101 (de
832 1023 1008 1081 Pithoeanis
1041 1023 1073 1081 in
1094 1023 1270 1081 Iuvenalem

173 1106 296 1190 scholiis
318 1131 395 1193 thes.
424 1126 481 1210 111)
509 1133 696 1207 argumentis
722 1133 816 1203 nisuS,
846 1142 879 1191 ut
906 1134 990 1202 dicit,
1024 1151 1062 1189 ex
1090 1150 1269 1191 scaenarum

173 1257 314 1298 sermone
346 1247 379 1298 et
409 1249 474 1298 arte
507 1241 621 1316 petitis
677 1239 758 1298 Sane
791 1259 829 1298 ex
865 1241 1009 1318 Haspero
1043 1248 1106 1299 non
1141 1241 1270 1300 multum

174 1349 329 1411 discimus:
366 1351 479 1427 pagina
498 1352 538 1409 25
562 1367 652 1425 quam
680 1350 856 1408 brevissime
887 1351 930 1408 ait
951 1351 1083 1427 priorem
1110 1360 1173 1409 tam
1200 1369 1270 1410 esse

171 1459 391 1536 praestabilem
405 1468 469 1517 tam
481 1459 625 1535 singulari
641 1468 706 1517 arte
722 1459 846 1529 factum,
863 1469 926 1518 tum
942 1461 972 1518 in
988 1478 1104 1518 summa
1120 1461 1269 1520 brevitate

174 1570 357 1626 concinnum
378 1577 468 1626 utne
489 1587 582 1645 posse
600 1570 725 1645 quidem
748 1569 787 1626 ab
807 1568 949 1627 inferiore
965 1577 1059 1645 poeta
1082 1570 1269 1645 compositus

172 1695 242 1736 esse
263 1679 418 1736 videatur:
441 1678 570 1745 alterum
586 1679 792 1736 verbosiorem
808 1696 900 1754 quam
921 1679 1105 1754 pressiorem
1126 1679 1269 1754 frigidum

135 1840 138 1844 .
173 1786 285 1846 babere
309 1787 433 1846 iocandi
454 1806 553 1863 genus
576 1797 608 1846 et
630 1789 821 1846 sermonibus
849 1807 912 1846 non
934 1789 1098 1847 commode
1127 1789 1207 1846 inter
1235 1806 1269 1846 se

174 1897 250 1971 aptis
284 1897 467 1957 claudicare.
512 1896 637 1955 Vtinam
660 1897 797 1973 pluribus
821 1898 910 1955 nobis
943 1899 1137 1973 exposuisset
1159 1898 1269 1973 quibus

173 2007 294 2064 mendis
317 2000 393 2064 alter
414 2003 546 2064 laboretl

271 2116 423 2174 Accurate
443 2117 534 2189 igitur
553 2124 713 2191 utrumque
741 2117 857 2173 exitum
886 2134 1132 2193 percenseamus,
1155 2135 1217 2193 qua
1239 2117 1273 2174 in·

171 2243 312 2300 requam
332 2226 463 2283 maxime
486 2227 664 2284 adiuvamur
678 2225 881 2283 Brachmanni
903 2226 964 2283 acri
987 2227 1027 2283 de
1050 2227 1173 2300 singulm
1196 2245 1264 2302 par·

172 2335 251 2393 tibus
273 2336 396 2396 iudicio.
454 2336 554 2394 Recte
585 2344 616 2393 et
638 2335 811 2412 Stephanus
834 2344 866 2393 et
888 2336 1116 2394 Brachmannus
1143 2355 1268 2413 perspe-

170 2454 279 2502 xerunt
311 2464 330 2502 a
364 2463 495 2504 scaenae
526 2446 554 2503 V
587 2448 605 2505 5
638 2464 664 2506 v.
703 2447 741 2504 36
775 2446 937 2520 gemellum
969 2446 1103 2522 incipere
1136 2447 1268 2505 exitum:

169 2555 399 2613 Antamonides
415 2556 559 2614 conviciis
571 2556 758 2614 Hannonem
774 2556 892 2632 petenti
907 2556 1036 2631 primum
1051 2548 1268 2630 Agorastocles

170 2662 300 2722 fustibus
316 2664 457 2722 timorem
472 2664 564 2734 inicit,
590 2672 653 2721 tum
668 2664 861 2722 Anterastilis
881 2681 951 2719 eum
967 2664 1007 2719 de
1022 2664 1116 2738 patris
1132 2666 1267 2722 adventu

170 2774 330 2831 certiorem
352 2773 434 2833 iacit.
477 2773 510 2830 ln
532 2764 594 2830 'fine
618 2791 750 2831 scaenae
771 2772 813 2849 (V
828 2774 861 2848 5)
880 2773 1144 2848 perturbationem
1165 2774 1267 2832 inesse

170 2902 188 2940 e
212 2883 324 2958 duplici
347 2884 527 2941 recensione
551 2893 650 2941 ortam
671 2883 735 2939 iure
758 2884 929 2957 suspicatus
953 2891 1000 2939 est
1022 2882 1266 2943 Brachmannus:

169 3008 246 3049 unus
269 2993 398 3068 quisque
435 2992 680 3069 adstipulabitur‚
713 3001 746 3050 ut
776 2993 808 3049 in
830 2991 1034 3049 Palatinorum
1057 3012 1083 3051 v.
1107 2995 1146 3052 51
1176 3001 1207 3049 et
1228 2995 1268 3054 52

148 3093 329 3159 'sicetiam
353 3102 441 3159 iniis
466 3119 542 3177 quos
566 3101 602 3171 A,
626 3110 761 3159 ceterum
783 3109 816 3158 ut
843 3101 962 3158 videtur
984 3101 1022 3158 ab
1056 3102 1110 3160 illis
1143 3101 1269 3177 alienos,

172 3210 325 3268 substituit
346 3201 421 3268 ‘sed
435 3229 542 3269 eccum
557 3211 699 3268 lenonem
711 3206 839 3286 Lycum'
865 3219 1018 3268 servatum
1034 3228 1102 3269 esse
1126 3220 1269 3286 reputans

173 3313 266 3393 (quae
288 3319 380 3378 verba
402 3338 474 3377 num
497 3321 528 3376 in
550 3321 577 3376 A
600 3320 643 3376 sic
676 3328 709 3377 ut
740 3319 771 3376 in
798 3318 932 3375 editione
967 3318 1125 3395 proposuit
1147 3336 1270 3377 versum

168 3428 315 3503 incipiant
348 3429 379 3486 in
400 3430 481 3488 stud.
504 3428 601 3488 Plaut.
633 3445 702 3505 pag.
730 3430 789 3487 145
813 3428 933 3485 dubitat
956 3422 1151 3504 Geppertus).
1205 3426 1268 3485 Ad-

169 3537 306 3594 dendum
325 3540 472 3614 estquod
488 3556 590 3614 neque
609 3537 706 3596 ultimi
722 3555 826 3595 versus
849 3537 880 3594 in
895 3545 1032 3594 nostram
1055 3535 1268 3595 redactionem
1317 3539 1319 3543 ’

168 3649 330 3722 quadrant.
385 3647 495 3724 Neque
518 3648 599 3704 enim
621 3647 692 3704 mihi
725 3648 827 3722 placet
849 3647 894 3705 his
917 3646 1054 3703 versibus
1078 3645 1268 3704 Hannonem

169 3765 272 3814 vetare
308 3758 543 3834 Agorastoclem
582 3758 725 3814 lenonem
756 3757 788 3813 in
819 3757 864 3813 ius
895 3772 1012 3831 rapere,
1060 3756 1165 3831 paucis
1198 3772 1268 3812 vero

161 3867 304 3924 'versibus
335 3876 407 3942 post
439 3867 595 3942 sequentis
629 3883 761 3924 scaenae
796 3865 880 3922 initio
916 3873 947 3922 et
970 3865 1203 3940 Agorastoclem
1236 3872 1267 3921 et

125 3983 129 3992 '
168 3984 309 4050 patruom
330 3984 435 4033 tamen
455 3977 515 4033 hoc
538 3975 699 4034 consilium
723 3976 849 4049 exsequi
872 3983 926 4033 aut
949 3983 1033 4032 certe
1057 3974 1205 4032 simulare.

268 4084 419 4143 Finienda
446 4085 536 4159 igitur
566 4102 682 4142 scaena
703 4102 729 4143 v.
754 4086 810 4143 52:
844 4084 1040 4159 consequitur
1062 4083 1137 4160 Lyci
1168 4081 1266 4140 oratio

169 4193 403 4255 Plautinissima.
447 4195 483 4255 In
505 4195 571 4263 hac¹
585 4213 700 4256 scaena
721 4212 785 4252 uon
807 4194 906 4255 minus
928 4202 1013 4254 recte
1035 4193 1265 4255 Brachmannus
1348 4263 1353 4270 ,
